3250 5259
631 458 789 616 sall

134 663 255 742 suadet.
281 671 406 744 fitemm
421 670 649 740 eruditissimum
658 677 778 762 poetam
790 657 989 753 eruditionem
1000 673 1112 758 ubique
1131 669 1273 745 ostenden

132 783 191 826 re:
211 763 339 850 usquam
347 765 505 840 ostentare,
517 783 672 850 negamur.
688 761 765 850 illud
777 750 935 832 dosliffimi
947 765 1061 848 quique
1070 762 1182 831 solent:
1200 770 1271 850 quia

132 879 242 946 antem
254 863 375 926 uberius
385 854 477 946 quam
492 849 727 936 σεέασμιῶτατος
739 855 789 921 hic
800 856 933 922 Censor?
954 861 1039 941 cujus
1053 859 1159 946 scripta
1169 867 1272 929 omnia

135 949 242 1036 χρυσῐ
249 947 449 1038 χρυσότερα,ῆ
458 961 527 1044 quis
536 975 626 1045 negat
639 960 741 1042 thyma
752 974 884 1022 veterum
893 959 1029 1041 undique
1039 960 1178 1039 redolere,
1187 963 1272 1027 haud

135 1067 261 1132 mecum
278 1045 372 1118 sentit.
390 1048 449 1114 hoc
473 1044 545 1111 solet
559 1049 725 1122 vaniffimua
750 1043 879 1128 quisque
891 1060 1018 1122 tantum,
1031 1043 1269 1113 insolentisfimuo

135 1131 193 1200 aas
203 1130 448 1219 limata-aiot:
459 1146 672 1226 quorumnilril
687 1149 718 1208 in
728 1143 991 1226 splendidissimum
1002 1146 1084 1208 hunc
1098 1149 1269 1217 Romanum

136 1233 277 1314 equitem
292 1225 390 1295 cadit':
399 1231 437 1297 de
447 1233 533 1312 cujus
544 1230 683 1318 singulari
695 1230 849 1307 modestia,
860 1230 890 1292 δι
899 1231 1014 1295 liberali
1028 1232 1203 1298 educatione
1215 1233 1272 1299 sub

135 1317 283 1382 maximis
299 1321 543 1402 praeceptoribus,
571 1339 631 1382 non
652 1334 751 1382 autem
764 1319 956 1382 cathedrariis
981 1319 1124 1402 sophistis,
1147 1321 1178 1383 a
1199 1322 1271 1385 ritae

133 1407 218 1468 illius
233 1405 339 1470 auslor
354 1406 504 1484 meminit,
526 1405 623 1469 &nos
637 1405 749 1490 aliquid
764 1404 852 1488 supra
871 1408 1035 1492 attigimus.
1070 1412 1112 1472 At
1124 1405 1271 1472 obscurus

135 1491 192 1569 est,
208 1492 240 1555 dt
254 1493 364 1576 dignus
375 1495 423 1554 cui
444 1514 553 1557 nornen
568 1493 690 1556 indatur
720 1497 855 1558 Scotino.
876 1496 976 1555 mirari
987 1491 1078 1556 subiit
1094 1514 1154 1557 non
1169 1491 1269 1574 semel,
1298 1562 1301 1575 ,

136 1581 177 1643 de
191 1577 371 1644 obscuritate
381 1579 470 1643 Persii
485 1581 576 1646 verba
586 1579 682 1644 fecisse
692 1579 778 1643 illum
798 1581 908 1654 virum,
929 1582 978 1642 cui
990 1579 1066 1642 nihil
1077 1597 1141 1644 erat
1160 1579 1271 1646 obscu-

138 1683 223 1732 rum.
245 1665 324 1730 certe
347 1667 431 1730 aliud
446 1665 654 1749 Quintilianus
680 1666 834 1749 judicabat
863 1664 932 1729 crim
953 1688 1022 1731 vera
1036 1667 1123 1730 laude
1140 1667 1269 1752 dignum

138 1757 352 1838 pronuntiaret
370 1753 477 1817 :aliud
487 1757 695 1840 Hieronymus,
706 1751 777 1818 crim
787 1751 1002 1816 disertissimum
1013 1756 1168 1816 Satiricum
1183 1775 1271 1819 voca·
1332 1763 1338 1779 ¹

139 1871 200 1918 ret.
216 1855 292 1916 milti
305 1875 429 1938 quoque
453 1875 514 1917 non
539 1857 623 1938 pauci
642 1854 732 1934 hujus
744 1857 842 1936 poetae
862 1851 961 1914 versus
983 1851 1024 1912 ita
1036 1850 1107 1913 clari
1121 1847 1160 1938 a·
1176 1838 1274 1908 λευκοὶ

134 1943 294 2015 videntur,
304 1959 339 2004 ut
354 1943 401 2004 vel
425 1944 454 2005 in
469 1939 538 2004 cisto
553 1940 768 2004 almediocriter
782 1939 880 2002 nortis
896 1937 954 2040 legi
968 1937 1086 2019 poffint.
1105 1956 1195 2018 quare
1205 1959 1269 2002 non

137 2045 223 2092 totus
236 2029 310 2094 liber
327 2025 465 2112 profecte
477 2030 520 2093 est
534 2027 698 2092 obscurus:
720 2025 770 2090 sed
780 2029 847 2090 loca
862 2040 978 2087 tantum
985 2023 1138 2088 nonnulla.
1160 2027 1235 2108 quid
1252 2027 1266 2088 ἓ

135 2113 219 2180 solua
245 2116 295 2180 hic
323 2113 491 2179 obscurus?
515 2135 576 2179 non
590 2117 681 2179 etiam
696 2116 831 2198 optimus
847 2111 976 2194 quisque
994 2111 1213 2174 attentissimum
1237 2113 1269 2176 dt

139 2201 390 2290 monopolis-arm
407 2204 533 2286 reanrit
546 2203 711 2267 lectorem?
735 2221 798 2266 non
812 2199 1062 2266 commemorabo
1076 2196 1270 2282 Thucydidis

138 2299 197 2374 ταῖς
250 2296 427 2388 περινοήσας,
487 2298 544 2372 rost
579 2293 790 2387 ἔμπεριίσλσῖς,
837 2290 880 2358 'wi
919 2294 1162 2380 γλωσσηματικᾶ
1217 2291 1272 2362 καὶ

138 2399 218 2486 ξένα,
247 2396 291 2461 rol
322 2392 490 2468 diutinasti
515 2406 546 2467 &
571 2402 676 2466 similia
691 2403 803 2482 multa,
824 2400 937 2484 quibua
964 2399 1098 2465 obdulia
1111 2401 1271 2500 caligo-iras

137 2529 216 2595 gens
232 2507 311 2573 illius
325 2505 465 2572 hill'oriae.
488 2503 580 2568 silebo
596 2501 728 2566 Platonis
767 2487 826 2563 ταῖς
873 2485 1003 2582 darant
1050 2484 1104 2553 nal
1153 2488 1271 2566 damete

136 2593 328 2688 μεταφοραῖς,
354 2605 527 2691 dequibus
555 2603 724 2685 Longinus.
754 2591 920 2664 hocsolitm
934 2594 1044 2671 dicam,
1070 2596 1272 2663 maximarum

136 2693 357 2758 difficultatum
371 2715 405 2758 ea
426 2694 605 2778 potiliimum
620 2687 728 2772 scripta
738 2685 792 2750 elle
807 2685 905 2769 plena,
926 2703 997 2766 quae
1009 2684 1143 2746 omnium
1158 2680 1279 2749 seculo‘

137 2803 210 2847 rum
226 2781 308 2844 dotti
330 2770 612 2848 homines‘maxime
630 2774 699 2839 sunt
713 2775 861 2838 admirati.
881 2771 954 2854 quic
968 2771 1132 2834 Pindarum
1154 2771 1269 2836 intelli-

137 2857 295 2954 geret'aut
310 2868 539 2952 Aristophanem
563 2863 674 2948 absque
701 2881 807 2925 eorum
831 2857 1043 2940 interpretibus
1068 2855 1168 2921 soret?
1203 2863 1272 2941 quis

138 2957 261 3020 Graecis
275 2955 369 3020 literis
379 2956 486 3020 doslua
499 2957 607 3023 choros
622 2949 801 3034 tragicorum
826 2943 973 3010 inoffenso
994 2944 1070 3028 pede
1093 2949 1270 3028 percurrit?

140 3055 304 3120 Theocriti
342 3041 385 3108 τσῖ
419 3044 532 3132 σκληροὶ
560 3065 668 3116 notant
680 3066 791 3114 veteres
805 3048 926 3111 critici:
950 3064 1048 3127 neque
1059 3043 1268 3125 indignantur.

140 3161 197 3207 nos
224 3139 378 3205 offendent
392 3139 536 3205 Persianae
555 3137 743 3202 difficultates
758 3135 822 3196 i&
843 3135 909 3218 qui¹
922 3128 1081 3196 laboriosas
1105 3130 1185 3194 illius
1206 3135 1271 3216 opi·

139 3231 235 3293 lionis
250 3227 374 3312 ineptias
389 3247 449 3291 non
474 3247 634 3312 gravamur
647 3245 655 3289 t
679 3239 739 3285 tam
752 3221 885 3284 severum
899 3221 989 3299 hujus
1003 3233 1121 3282 carmen
1135 3233 1170 3282 ot
1183 3219 1271 3283 intel·

140 3319 282 3400 ligamus,
306 3336 405 3398 operae
419 3333 473 3378 nos
485 3313 668 3398 poenitebitl
696 3309 791 3374 Porrb
813 3307 1005 3372 obscuritatis
1027 3306 1118 3384 hujus
1143 3305 1279 3369 diversat-

142 3402 253 3466 afferre
266 3393 380 3466 caussas
395 3401 559 3486 possumus,
572 3397 676 3482 easque
690 3396 871 3460 certiffimas.
884 3399 915 3456 in
933 3393 1054 3457 auctore
1069 3391 1137 3456 sunt
1148 3394 1270 3541 dignae,

141 3492 212 3554 aliae
228 3489 313 3560 extrsa
325 3490 420 3567 illum,
443 3489 580 3571 quaedam
593 3491 623 3550 io
637 3485 860 3566 interpretibus.
882 3481 957 3548 Non
969 3481 1085 3563 negabo
1095 3481 1188 3560 perob
1200 3499 1273 3543 cura

141 3573 354 3662 quaedam'else
368 3579 401 3641 in
422 3591 540 3660 quarta,
564 3577 661 3658 prima
671 3585 811 3654 quoque:
834 3569 884 3632 sed
908 3572 1006 3650 poetae
1025 3563 1113 3629 facile
1137 3565 1271 3650 ignosco,

142 3673 218 3740 crim
245 3669 357 3758 cogito
375 3671 564 3742 crudelissimi
598 3672 627 3734 ὅσ
657 3656 851 3738 &natanaelem
891 3658 1021 3748 tyranni,
1044 3665 1076 3725 in
1098 3683 1194 3746 quern.
1219 3665 1272 3729 illa

116 3837 122 3846 Ι
140 3757 242 3838 erant,
257 3769 359 3844 metu,
383 3766 421 3827 de
437 3759 583 3826 industria
595 3755 750 3822 atramenti
770 3751 912 3836 sepiarum
929 3750 1042 3833 aliquid
1057 3747 1271 3826 esseaffusum:

142 3865 247 3932 neque
262 3850 372 3916 dubito
385 3849 623 3934 sapientissimum
646 3858 859 3925 praeceptorem
882 3842 1049 3903 Cornutum
1063 3836 1202 3901 scribenti
1215 3839 1272 3902 ad·

140 3932 255 4008 fuill'e,¹
268 3937 322 4020 qui
334 3956 419 4001 vetus
433 3937 555 4000 verbum
570 3933 672 3997 crebro
682 3926 726 3994 illi
741 3925 944 4003 insusurraret,
967 3923 1105 3994 Erasistra·
1118 3925 1204 4007 quod
1218 3922 1273 3990 etii

141 4029 257 4096 diserte
272 4035 397 4111 Probus,
423 4025 667 4116 srvequicunque'
681 4025 722 4092 est
744 4028 813 4090 vitae
827 4023 961 4106 scriptor,
976 4041 1044 4084 non
1057 4023 1140 4098 dicit,
1166 4043 1200 4086 ea
1225 4037 1273 4090 ta·
1354 4023 1365 4044 '

141 4139 218 4184 men
235 4139 343 4200 narrat,
366 4145 405 4188 ex
419 4121 527 4206 quibus
542 4120 599 4184 hoc
613 4117 772 4182 debeamus
793 4113 941 4199 colligere.
987 4113 1055 4189 Jam
1079 4106 1150 4172 ciam
1171 4109 1275 4178 scribit

141 4207 230 4271 idem
258 4207 434 4302 βωγροίφος,
461 4205 647 4271 verecundiae
657 4200 807 4285 virginalis
821 4195 1011 4262 Partheniam
1026 4193 1159 4260 nostrum
1172 4195 1275 4268 luisse:

139 4301 229 4367 aliud
244 4324 335 4390 agens
350 4308 480 4372 caussam
495 4327 553 4370 not
569 4307 656 4368 docet
670 4321 724 4364 tur
741 4300 788 4362 ille
809 4298 893 4362 locut
907 4291 1093 4360 tenebricosi
1106 4292 1197 4358 suerit
1211 4311 1273 4358 tra·

142 4391 258 4465 uatus,
281 4398 331 4459 cui
346 4397 398 4459 rix
410 4396 487 4458 alius
502 4409 566 4457 toto
580 4391 659 4454 libro
672 4387 854 4451 obscuritate
863 4406 927 4470 par,
952 4380 1148 4448 obscoenitate
1172 4381 1276 4447 similit

143 4498 262 4565 nullus.
291 4483 443 4584 marrantia
458 4489 542 4560 illam
556 4491 627 4560 dico
641 4486 658 4550 ὲ
667 4503 790 4642 guarta,
813 4484 854 4550 At
865 4488 898 4572 st
913 4494 1014 4552 nntius
1036 4482 1128 4571 ceffis.
1172 4485 1275 4640 Essnd

1230 4587 1251 4637 U
1278 4633 1282 4638 ,
