3250 5259
485 519 954 585 narnuauuo
1246 536 1315 608 ς·

139 689 418 844 ῗδᾳῑὲἑέδῑέιίεῑιε.
461 690 642 779 Hujulmodi
656 689 721 756 ludi
735 691 765 755 ln
776 709 884 774 campo
895 695 1008 758 Martio
1022 690 1104 778 apud
1119 693 1270 764 Romanoa
1295 754 1298 760 .

164 801 209 844 err
322 793 368 844 nt.
789 803 790 808 ¹

184 866 252 952 Qi
269 866 429 930 currebant
442 865 474 928 iu
494 865 574 929 ludis
593 867 766 948 Gymnicis,
787 867 847 932 hoc
858 867 912 943 est,
935 865 1021 930 cursu
1037 887 1165 949 corpora
1182 888 1268 931 exer·

138 955 264 1027 cebant,
286 955 333 1018 uel
347 973 385 1016 eo
404 954 605 1028 decertabant,
628 953 752 1016 Graecia
770 954 882 1018 Dromi
908 955 1105 1038 appellantur,
1129 955 1186 1018 boc
1213 954 1269 1032 est,
1339 945 1343 953 ’
1367 992 1369 997 -

139 1039 287 1104 cursores.
326 1045 468 1121 Quorum
484 1042 533 1102 alii
545 1037 735 1102 Stadiodromi
746 1039 929 1116 dicebantur,
952 1045 1005 1124 qui
1015 1041 1139 1105 stadium
1150 1061 1273 1124 percon,

139 1119 273 1190 rebant:
295 1125 567 1202 aliiDiaalodromi,
591 1125 801 1188 acucumattn
811 1129 963 1205 curriculi,
985 1126 1082 1203 idest,
1097 1129 1269 1210 duplocur·
1314 1203 1317 1206 ⁴

139 1213 252 1288 riculo,
275 1214 359 1294 quod
372 1211 503 1274 Diaulon
518 1213 677 1276 vocabant:
699 1233 766 1277 narn
780 1215 800 1275 ii
823 1215 955 1280 cursores
979 1235 1077 1297 quum
1091 1218 1129 1276 ad
1154 1231 1267 1280 metant

142 1316 353 1386 pervenerant,
376 1298 541 1374 flectentes,
562 1319 599 1360 eo
612 1298 710 1376 rurlua
725 1306 928 1378 recurrebant,
951 1302 1031 1364 unde
1055 1297 1175 1364 cursum
1207 1305 1267 1364 ini·

140 1403 242 1451 eraut.
264 1390 357 1449 Erant
368 1398 398 1446 et
410 1383 630 1458 Dolicbodromi,
641 1389 694 1467 qui
711 1385 802 1450 sexies
816 1389 942 1454 stadium
956 1391 1107 1452 curriculo
1118 1389 1268 1454 obibant:

142 1493 215 1538 uam
224 1471 359 1538 Dolichos
373 1468 555 1553 lougiffimua
570 1469 674 1534 cursus
690 1473 852 1538 dicebatur.

191 1559 301 1634 Laeta,
323 1557 534 1633 GraecisPale,
558 1557 602 1620 uel
616 1558 648 1621 in
671 1579 776 1638 coeno,
798 1563 846 1626 uel
874 1583 974 1638 arena,
997 1562 1043 1626 uel
1067 1560 1189 1642 puluere
1210 1563 1267 1627 fie-

142 1649 224 1722 bat;
249 1645 328 1710 uude
352 1643 511 1708 ludlatores
540 1645 572 1706 in
593 1645 688 1706 Ludis
702 1649 871 1728 Gymnicis,
894 1667 946 1712 aut
961 1649 1120 1735 Palaestra,
1143 1649 1269 1715 Graecis

141 1732 298 1818 Palagllar
321 1733 472 1814 appellati.
516 1731 541 1794 li
566 1730 716 1806 laetaturi,
752 1733 907 1812 Ceromute,
941 1736 972 1798 id
1001 1735 1053 1809 est,
1076 1735 1145 1796 oleo
1169 1756 1269 1800 cerato

140 1811 420 1904 perfundebantur:
445 1819 591 1901 undequi
608 1821 831 1904 emungebant,
856 1820 1055 1908 Ceromaristae
1067 1823 1150 1884 diui.
1195 1825 1269 1887 Prd-

87 1953 94 1970 ,
137 1904 423 1990 verequoquepost
438 1903 609 1969 unitionem
632 1903 888 1988 inspergebautur,
920 1928 953 1970 ut
968 1929 1094 1990 corpora
1115 1928 1265 1976 ceromate

142 2009 177 2058 et
196 1991 304 2056 sudore
329 1994 442 2056 lubrica
468 2007 588 2054 mutuas
614 1992 790 2056 laetantium
819 1995 1026 2078 prebealroues
1049 1995 1241 2060 admitterent
1255 2018 1273 2062 a·

141 2081 345 2144 undenorum
361 2081 561 2162 prouerbium,
586 2078 671 2141 Citra
680 2080 814 2162 pulveris
839 2089 957 2156 talium,
979 2084 1018 2145 de
1038 2083 1085 2160 iia,
1107 2088 1162 2164 qui
1182 2082 1270 2149 facile

142 2169 263 2252 aliquid
277 2168 395 2232 allecuti
410 2165 488 2240 sunt,
512 2183 542 2228 et
554 2167 628 2230 citra
647 2163 793 2240 sudorem,
815 2170 900 2251 quod
913 2186 944 2230 er
957 2168 1035 2230 citra
1040 2167 1189 2250 puluerem
1205 2173 1269 2238 dici

143 2253 255 2341 potest.
299 2257 380 2316 Eum
405 2253 558 2336 pulverem
584 2253 691 2315 Graeci
702 2249 800 2335 Aphro
816 2257 964 2317 dicebant.
1009 2258 1092 2316 Inter
1106 2257 1269 2322 ludlatorea

146 2344 278 2426 quidam
297 2341 421 2404 {umoris
441 2341 519 2403 inter
539 2338 567 2402 se
590 2340 725 2402 manibus
753 2339 974 2424 depugnabant,
998 2340 1082 2402 nullo
1108 2346 1268 2424 complexu

146 2433 325 2494 haerentes:
346 2449 396 2490 eos
410 2424 616 2508 Acrocht'ristas
635 2425 780 2487 vocabant
792 2430 910 2490 Graeci.
952 2426 1012 2488 Alii
1035 2427 1152 2488 vicillim
1177 2429 1272 2494 ferie«

146 2520 225 2582 bant
239 2516 397 2579 arrectaria
420 2516 650 2585 concertatione,
675 2513 732 2574 hoc
751 2510 801 2591 est,
824 2513 941 2586 arredli,
962 2527 994 2574 et
1017 2513 1144 2597 pulvere
1167 2516 1268 2593 obsiti,

145 2607 224 2670 alter
239 2603 365 2666 alterum
385 2600 567 2682 impetebant
596 2595 736 2680 procursu
765 2603 1004 2681 calcitratuquer
1025 2601 1156 2665 calcibus
1176 2604 1280 2680 eninr..

143 2693 271 2767 cubitia,
294 2683 459 2772 unguibus,
480 2707 540 2750 nou
554 2684 646 2748 modo
675 2687 782 2768 pugnis
808 2691 978 2761 utebantur,
1002 2690 1144 2770 omnique
1170 2692 1271 2770 irnpe-
1344 2695 1347 2703 '

145 2779 234 2844 tendi
263 2777 523 2860 prehendeudique
548 2774 662 2835 modo:
696 2775 916 2858 Pancratiastae
945 2776 1054 2849 vocati,
1076 2789 1108 2836 et
1135 2776 1275 2845 Panare,

144 2866 210 2930 tion
226 2861 395 2946 hujusmodi
408 2861 579 2924 certaminis
604 2878 711 2942 genus,
734 2879 771 2920 ex
786 2883 823 2924 eo
850 2862 933 2944 quod
957 2859 1105 2924 aduocatis
1130 2864 1272 2925 omnibus

144 2956 284 3036 corporis
312 2951 436 3026 viribus,
469 2949 664 3029 omniumque
699 2965 859 3011 nervorum
895 2949 1087 3012 contentione
1125 2949 1272 3032 transige-

145 3059 243 3108 retur.
457 3087 460 3092 .
1272 3077 1276 3084 -

178 3127 247 3208 Qui
266 3123 357 3203 Disco
366 3122 396 3186 se
407 3117 583 3186 exercebant
592 3120 741 3194 Athletae,
754 3117 894 3205 Discoboli
904 3120 1026 3184 Graecis
1035 3118 1274 3204 appellabantur,

147 3215 210 3278 boc
225 3215 279 3292 eli,
301 3213 424 3277 Discum
445 3213 475 3272 in
498 3205 621 3270 sublime
631 3209 806 3290 jaculantes.
851 3211 924 3270 Erat
943 3224 1046 3271 autern
1071 3206 1177 3270 Discus
1198 3207 1276 3288 lapis

147 3302 349 3368 rotundusae
364 3295 509 3382 pertusus,
531 3293 629 3374 inquit
641 3295 829 3356 Ammonius.

196 3389 363 3470 pugilatus,
379 3403 469 3467 quem
484 3384 592 3444 Graeci
610 3378 943 3462 Pygmenappellabaut,
959 3377 1103 3443 caestibus
1116 3377 1275 3443 exerceba-

149 3490 217 3552 tur,
235 3477 337 3558 quales
351 3495 370 3534 a
383 3468 513 3554 Virgilio
526 3469 579 3532 lib.
594 3487 623 3529 v.
643 3463 863 3530 describuntur:
888 3467 919 3527 in
932 3487 971 3528 eo
984 3469 1037 3548 qui
1050 3468 1276 3541 exercebantur,

150 3562 272 3646 Pugiles
288 3561 411 3634 Latinis,
431 3559 552 3618 Graecis
566 3555 670 3633 Pyrrae
682 3552 756 3618 dieti
770 3551 858 3616 sunt:
883 3553 965 3634 quod
977 3573 1086 3616 nomen
1094 3553 1134 3616 ad
1153 3552 1277 3636 gallina·
1364 3555 1368 3564 '

149 3669 224 3716 ceos
238 3665 387 3732 pugnaces
402 3643 572 3706 rraollatutn
583 3637 634 3702 est.
799 3715 803 3722 ι

199 3733 437 3798 Saltarionumin
450 3727 532 3792 ludis
549 3723 704 3809 Gymnieis
726 3723 823 3787 multa
842 3743 953 3808 genera
973 3722 1110 3802 fuerunt,
1130 3725 1278 3807 quemad·

151 3821 282 3888 modum
297 3821 387 3882 docet
409 3818 571 3880 Luciacus.
617 3811 690 3874 Erat
717 3813 797 3872 euim
825 3811 940 3875 saltatio
956 3811 1109 3894 pyrricha,
1130 3813 1280 3895 aPyrrbo

151 3911 284 3984 inuenta,
308 3923 398 3989 aqua
420 3896 627 3985 Pyrrhirharii
654 3911 685 3960 et
708 3893 923 3982 Pyrrhichistae
952 3899 1048 3962 diui:
1072 3920 1152 3980 quae
1174 3899 1279 3963 eadem

152 3995 273 4060 saltatio
288 3989 421 4076 Enoplia,
443 3987 543 4062 idest,
565 3999 677 4048 armata
696 3982 871 4048 dicebatur:
894 3985 978 4067 quod
1002 3987 1107 4048 armati
1131 3985 1281 4051 saltarent.
1332 4047 1338 4062 ,

153 4087 231 4146 Erat
245 4078 360 4144 saltatio
373 4074 486 4140 Cordax
502 4070 658 4144 obscoena,
682 4086 712 4132 et
726 4073 840 4134 comica
859 4093 868 4133 ε
891 4085 921 4137 et
935 4073 991 4135 alia
1011 4070 1127 4135 saltatio
1143 4072 1281 4155 latyrica,

153 4163 374 4254 quaedicinnis
391 4163 555 4225 dicebatur.
581 4158 651 4220 Fuit
666 4159 736 4221 itetn
751 4153 892 4220 Emmelia
906 4155 1032 4235 saltatio,
1054 4173 1157 4240 pacata
1177 4175 1208 4222 et
1226 4161 1284 4224 ho·

154 4254 250 4322 nesta.
280 4250 360 4333 Qui
388 4268 461 4312 uero
487 4245 576 4310 saltus
604 4246 777 4326 pernicitate
802 4246 1024 4311 contendebant
1052 4243 1084 4306 in
1103 4246 1281 4327 Gymnasiis,

155 4337 280 4408 Hatria·
306 4357 325 4402 a
348 4337 471 4420 Graecis
496 4333 683 4412 dicebantur,
712 4333 765 4414 qui
791 4345 891 4396 autem
906 4328 1060 4409 Halmate,
1082 4333 1113 4396 id
1139 4330 1182 4395 est
1200 4330 1282 4486 dm

654 4429 655 4435 ’
816 4436 819 4440 ·
1119 4434 1200 4485 certa
1221 4439 1284 4497 aut,
