3250 5259
330 485 420 562 uu?
449 441 684 580 {ATY'R'A
716 441 1060 576 Juvuunms,
1233 517 1276 582 23

130 657 551 746 summosludiopotvesiiget‚
571 656 686 744 quaese
706 659 787 736 aliud
802 663 906 745 agenti¹
927 659 1064 726 obtulisse
1080 659 1273 735 ,rideanturz
1294 657 1298 661 ’

131 770 165 816 ac
183 745 206 818 li
225 749 347 832 quando
361 748 393 812 in
404 749 538 832 aliquem
557 743 658 812 saevire
682 749 835 832 proponit,
858 749 935 813 adeo
957 750 1144 812 truculentus
1168 749 1282 829 fertur,

131 852 167 902 ut
181 835 271 900 etiam
284 836 388 900 obvios
408 833 619 908 contrucidet;
643 835 755 898 diceres
779 836 872 900 telum
901 831 1023 912 torfille,
1045 855 1109 917 quo
1128 833 1278 918 perlator
1300 863 1305 872 ·

132 926 223 988 unius
238 923 383 1006 plurimos
408 924 504 986 obiter
522 920 695 998 conficeret,
719 919 740 986 st
770 941 840 986 vero
865 922 940 1004 quid
956 923 1116 987 ridiculum
1140 928 1284 1008 apponit,

135 1025 180 1076 tot
215 1007 328 1074 insertis
353 1009 485 1074 ridiculis
514 1008 602 1072 struit
625 1009 656 1070 dc
679 1008 821 1085 cumulat,
845 1029 879 1072 ιιι
895 1011 981 1092 quod
1007 1025 1072 1099 etat
1090 1011 1302 1095 praecipuum,
1421 1041 1424 1051 ·

132 1099 182 1162 tiu
203 1111 356 1182 appareat,
383 1094 433 1160 sed
460 1099 560 1179 potius
582 1093 698 1171 existat,
721 1116 791 1178 quae
818 1095 944 1180 proptie'
962 1095 1049 1160 satira
1072 1096 1293 1180 nuncupatur.¹

132 1183 202 1270 Jam
213 1184 266 1252 illa
280 1199 368 1248 acute
387 1198 555 1267 arguteque
570 1182 652 1246 <lisia
669 1203 761 1266 quarn
783 1181 877 1250 multa
903 1186 1012 1267 ingerit
1028 1210 1036 1246 r
1056 1206 1146 1268 quam
1169 1186 1279 1251 multoe

131 1275 222 1336 etiam
245 1291 315 1335 eum
328 1269 508 1336 declamare
529 1269 647 1334 videtur
677 1272 792 1352 impetu
820 1272 971 1334 rhetorico
999 1270 1130 1355 rapit&
1145 1270 1279 1358 affligite

133 1380 230 1444 quum
245 1359 377 1442 denique
394 1359 495 1422 omnia
518 1357 569 1422 illa
593 1376 664 1440 quae
678 1357 771 1439 vulgo
793 1359 969 1423 mortalium
989 1362 1120 1424 maxime
1146 1364 1279 1444 placent,

133 1445 238 1531 susque
252 1447 351 1530 deque
373 1445 486 1512 babet:
509 1445 613 1511 'verum
627 1442 831 1528 saepenumero
856 1443 945 1521 fallit,
966 1443 997 1508 u
1020 1443 1075 1512 sub
1098 1445 1180 1511 hasla
1202 1467 1280 1532 pura
1342 1521 1344 1528 ¹
1397 1485 1403 1496 ι

134 1537 319 1620 praepilatam
344 1533 465 1608 tibrat;
488 1551 646 1616 quumque
672 1531 921 1596 vehementissime
952 1552 1050 1618 urget,
1066 1536 1281 1601 declamatorio

132 1625 232 1687 colore
253 1618 347 1705 sparsa
370 1618 409 1682 fic
423 1619 593 1694 adumbrat,
617 1633 652 1682 ut
668 1620 757 1684 etiarn
772 1619 1000 1684 calumniatores
1023 1619 1130 1706 fugiat
1176 1627 1280 1708 Atque

133 1713 233 1794 operit
252 1708 376 1792 quidem
393 1709 541 1791 principio
574 1705 833 1792 indignatiuncula
847 1707 889 1770 ob
907 1709 1100 1772 recitatorum
1126 1709 1279 1775 nationem
1322 1743 1325 1748 ·

133 1818 168 1861 ca
182 1793 356 1880 tempestate
376 1797 580 1878 importunam
589 1789 693 1870 effusa,
716 1792 758 1856 ait
781 1791 809 1858 se
823 1814 946 1879 quoque
957 1795 1102 1874 recitasse,
1123 1793 1210 1860 fimus
1223 1818 1302 1868 εκ»
1370 1867 1377 1878 .
1408 1798 1412 1812 ’

134 1883 462 1973 emplumrecitationir
482 1880 649 1967 subjungit,
675 1901 704 1957 1,
731 1881 781 1946 16.

221 2091 511 2234 Corfiligemdedirrtus
526 2131 612 2220 Sylla
620 2081 819 2222 priuatus-rit
831 2046 934 2200 iilittntit5
1045 2212 1049 2223 ⁴

220 2222 387 2290 Dormirei.

132 2387 216 2475 quod
231 2385 273 2454 fic
286 2385 349 2452 fere
368 2389 514 2473 accipitur
539 2383 623 2474 quali
634 2388 693 2454 hoe
707 2401 828 2452 tantum
847 2380 1001 2470 significet,
1024 2383 1053 2450 se
1066 2386 1281 2458 adolescentem

133 2477 247 2557 adhuc,
270 2476 345 2540 dicis
356 2493 409 2541 aut
421 2478 511 2542 animi
525 2477 633 2550 caussa,
653 2472 809 2542 suasoriam
825 2473 957 2556 aliquam
979 2471 1121 2550 recitasse,
1131 2495 1192 2625 pua
1210 2479 1281 2542 Dic.

134 2567 224 2630 tatori
252 2563 343 2648 Syllae
369 2579 415 2628 tot
436 2566 547 2629 civium
560 2563 771 2630 Romanorum
786 2562 924 2624 caedibue
938 2578 1065 2625 cruento
1085 2563 1220 2641 suaerat,
1247 2582 1285 2632 ut

133 2653 331 2718 nibilominus
344 2653 382 2718 ad
405 2649 538 2717 securum
559 2656 630 2716 vitae
652 2654 774 2736 privatae
795 2651 895 2712 otium
909 2647 1044 2726 rediret;
1066 2651 1151 2734 quod
1177 2656 1285 2736 utique
1388 2667 1396 2679 ·

133 2741 246 2806 fecerat
259 2739 350 2824 Sylla.
389 2743 507 2804 Verum
522 2739 619 2805 subell
633 2741 709 2803 alius
735 2753 875 2823 praterea
897 2732 1013 2800 seusus:
1037 2756 1106 2800 nam
1132 2739 1191 2804 hoc
1217 2739 1285 2806 sane

132 2827 316 2914 stupendum
346 2824 513 2892 securitatis
536 2829 712 2911 exemplum
742 2825 890 2888 liberrimi
914 2821 1036 2908 spiritua
1060 2843 1147 2909 poeta
1170 2822 1285 2904 sumfit,

132 2936 196 3002 quo
212 2931 330 3000 turpem
338 2916 488 3000 ignaviam
503 2915 648 2982 Romania
663 2914 868 2998 exprobraret,
892 2911 946 2998 qui
962 2911 1125 2978 tamsoedae
1139 2911 1286 2979 servitutis
1410 2921 1414 2931 ’

127 3005 205 3092 jugo
220 3005 319 3088 capita
333 3000 535 3068 submiffilsent
557 3001 619 3079 sua,
644 3019 678 3068 ut
695 3007 733 3066 L.
751 3002 851 3082 Syllae,
874 3001 905 3064 io
929 3021 993 3084 quo
1017 3016 1063 3065 tot
1077 3003 1192 3067 Marios
1218 3000 1283 3068 seu·
1389 3071 1393 3082 ,

133 3093 241 3166 serant,
265 3090 389 3174 impune
403 3089 495 3155 fuerit
509 3091 547 3154 dc
562 3090 711 3154 disiatura
723 3087 909 3166 descendere,
921 3107 1034 3172 perque
1049 3091 1160 3154 urbem
1169 3092 1287 3176 privato

134 3203 168 3252 ac
188 3177 273 3248 felici
285 3179 441 3242 ambulare
458 3197 467 3240 z
485 3173 733 3260 &abjectiffimos
743 3177 924 3242 Senatorum
937 3177 1056 3241 animos
1078 3173 1164 3242 luisse
1189 3177 1286 3244 osten·

135 3271 230 3344 deret,
256 3284 334 3352 quot
355 3265 434 3330 idem
451 3265 531 3347 Sylla
545 3261 655 3346 septem
677 3261 812 3328 millibus
835 3264 946 3326 civium
962 3265 1169 3330 Romanorum
1196 3270 1287 3331 truci·

133 3357 212 3462 ⁶⁶
463 3371 535 3502 u
674 3345 1122 3502 resumunt?
1139 3370 1288 3504 rura

134 3443 546 3610 lsieiiiiirituiteriiicispiiicirve,
563 3459 770 3588 Romaiioriim
799 3521 964 3590 socordiam
989 3458 1118 3609 iptdles,
1139 3515 1288 3608 deteriora

133 3617 220 3682 luisse
234 3627 338 3700 aperte
349 3613 461 3680 indicat
475 3609 560 3676 satira
575 3627 682 3698 quarta
700 3627 834 3676 extrema
849 3634 862 3710 ι
877 3609 922 3699 Vs
941 3629 1016 3694 150.

218 3781 317 3874 Atque
330 3783 509 3854 utinamrht‘s
523 3781 618 3871 potius
629 3783 714 3867 nugis
729 3796 788 3848 tota
803 3782 855 3847 illa
868 3781 980 3931 deilliffet

223 3871 510 3962 Tetuporasaevitiae,
537 3869 633 3936 clarat
647 3870 749 3954 quibus
762 3869 879 3952 abstulit
925 3870 986 3950 rbi,
1017 3945 1020 3950 Ι

219 3959 401 4047 Illtfirefqut
413 3957 526 4022 animos
540 3952 654 4042 impune
669 3959 699 4024 d
713 3955 829 4020 uindice
842 3955 917 4018 nullo
933 3953 947 4017 s

131 4083 133 4090 ⁶
222 4047 284 4114 Sed
289 4045 383 4130 periit
390 4045 535 4131 pqstquatrt
556 4043 720 4108 cerdonibus
734 4042 783 4132 ‘ff‘
797 4041 948 4121 timendus,

95 4171 96 4174 π
222 4135 374 4223 Goeperat.
397 4129 446 4204 boc
461 4132 555 4199 nocuit
570 4127 745 4202 Lamiarum
761 4129 835 4208 cade
848 4127 984 4196 madenti.

1205 4299 1290 4394 Ejus.
