3250 5259
288 598 292 611 Ι
421 560 426 569 ,
464 492 631 571 norm
654 489 728 567 Au
753 487 844 565 un.
869 434 939 563 nu
963 488 1092 565 arou.
1119 485 1365 569 eunucu.

350 778 455 855 bardo,
478 782 508 842 iu
521 781 585 860 ejus
598 774 672 851 vitai,
693 796 759 859 cap.
777 794 830 861 29,
851 773 981 836 barbara
994 772 1029 835 ὅ
1043 773 1158 858 antiqui
1186 794 1233 838 rna
1246 777 1389 859 earmina,
1411 778 1481 860 qui·
1541 822 1542 837 .

223 641 227 649 Ι
350 688 411 756 fuit
424 691 588 757 carminum
603 684 684 770 usus,
706 688 810 755 eadem
823 682 946 751 utilitas·
987 684 1114 751 Carolus
1130 688 1270 947 νηῦς,
1294 688 1364 757 teste
1379 690 1480 777 Egla·

349 868 402 928 bus
415 879 546 929 venerum
567 884 665 946 regum
689 870 770 929 anus
783 863 819 925 δ’
834 858 906 925 bella
919 860 1106 937 canebantur,
1152 860 1258 947 cripsit,
1281 863 1480 947 manuriaeque

350 953 619 1119 mildairiini'ungri,
640 1049 709 1100 tunc
720 1031 872 1099 Germani.
897 1032 973 1093 Rem
991 988 1110 1116 egregie
1124 1008 1250 1098 illustrat
1262 1036 1361 1117 Julius
1377 1034 1482 1101 Caesar

347 1125 424 1188 Bell.
440 1122 517 1187 Gall.
549 1143 600 1200 ιι,
614 1144 649 1201 4,
674 1125 824 1205 docetque
849 1118 969 1203 primos,
995 1118 1047 1201 qui
1062 1120 1203 1183 Rhenum
1219 1122 1384 1209 transgreffi
1397 1122 1480 1203 lunt,
1541 1194 1542 1201 ,

346 1208 609 1296 fullleaneieulas,
627 1208 786 1283 Eburones,
802 1204 931 1281 Gerros,
960 1204 1119 1283 Pantanus,
1133 1205 1186 1289 qui
1197 1230 1251 1273 uno
1271 1208 1479 1278 nanimcer·
1541 1230 1542 1235 ¹

346 1297 427 1359 mani
439 1294 630 1381 appellantur.
670 1299 849 1369 Germanus,
877 1290 910 1355 id
933 1288 974 1353 est
994 1288 1088 1353 Wehr
1109 1314 1208 1373 mauu,
1244 1316 1394 1361 armorum
1421 1302 1478 1374 vir,

230 1397 234 1408 “
346 1381 452 1446 hamme
460 1382 593 1458 d'arnuc,
616 1380 720 1445 homene
733 1381 767 1444 de
776 1400 894 1463 guerre.
937 1380 1032 1440 Vetus
1051 1380 1129 1441 enim
1141 1378 1171 1441 dc
1185 1380 1323 1467 frequens
1339 1384 1389 1447 W
1394 1384 1430 1449 in
1447 1386 1480 1449 G

343 1467 482 1533 mutatio.
526 1468 628 1547 Primb
642 1486 749 1531 nomen
772 1468 831 1532 hoc
844 1465 903 1527 fuit
917 1463 1044 1529 nationis
1056 1466 1183 1531 victricis
1195 1468 1393 1549 Cisrhenanae,
1413 1494 1479 1539 non

344 1552 416 1619 verb
427 1556 522 1619 totius
544 1558 641 1639 gentis
656 1550 912 1619 Transrheuauae:
936 1550 984 1616 sed
1000 1550 1140 1635 paulatim
1159 1556 1290 1632 evaluit;
1314 1556 1346 1619 dc
1361 1559 1477 1625 Trans·

343 1642 466 1725 rbeuani
480 1662 583 1707 omnes
597 1660 715 1717 nomen,
736 1642 822 1725 quod
837 1638 934 1702 vidior
956 1640 998 1703 ob
1011 1655 1126 1703 metum
1140 1642 1345 1711 incutiendum
1359 1668 1479 1729 repere·

343 1744 401 1807 rat,
421 1728 475 1815 ipli
490 1726 677 1815 usurpavere,
708 1723 875 1811 reputantes
900 1724 981 1791 idem
1006 1725 1132 1790 nominis
1148 1729 1204 1791 'ob
1229 1732 1344 1795 bellicae
1368 1735 1476 1817 gloriae

343 1816 552 1881 claritudinem
573 1816 626 1883 libi
641 1814 762 1881 deberi:
778 1834 782 1841 ·
799 1819 999 1898 Tungrorum
1020 1812 1091 1876 olim
1107 1832 1249 1899 magnum
1265 1816 1322 1881 fuit
1337 1840 1474 1899 nomem

287 1921 291 1927 ·
342 1902 497 1987 exstatque
505 1904 606 1969 adltttc
620 1904 726 1977 veteris
736 1902 841 1986 gloriae
856 1902 1004 1963 memoria
1018 1898 1050 1962 in
1064 1894 1099 1961 ei
1114 1900 1251 1970 locorum
1265 1906 1475 1989 amplitudine,

341 1984 432 2074 q'nam
447 1990 585 2065 dicimus,
608 1986 729 2052 lancien
741 1987 839 2075 diuise
849 1988 883 2049 de
898 1982 1033 2067 Tongrec.
1076 1986 1299 2055 Observandum
1313 2009 1418 2057 autern
1432 1994 1476 2059 est

340 2076 481 2141 eumdem
495 2073 761 2159 effeTungrnrum
777 2076 889 2149 locum,
911 2092 1002 2155 quern
1018 2074 1133 2149 Franci,
1155 2076 1233 2142 duce
1247 2082 1475 2163 Pharamundo,

339 2160 474 2249 primum
487 2182 680 2246 occupauere,
702 2161 793 2244 quem
805 2159 904 2244 postea
920 2158 1090 2225 Clodoveus
1108 2164 1237 2247 Magnus
1250 2170 1340 2233 armis
1349 2173 1474 2257 recepit.

342 2254 382 2315 Et
396 2254 461 2316 baec
471 2248 539 2314 sunt
551 2250 681 2315 Francici
696 2247 789 2311 nntlri
802 2250 886 2331 regni
897 2245 1084 2309 incunabula.
1362 2276 1374 2293 ·

382 2336 427 2403 Er
440 2334 608 2401 Herculem.
651 2333 747 2399 Nulla
760 2332 872 2397 exstitit
889 2329 1026 2397 bellicosa
1049 2354 1133 2419 gens,
1155 2358 1227 2423 quae
1246 2342 1418 2423 Herculem,
1442 2346 1474 2411 id
1541 2306 1542 2363 i

286 2471 289 2476 ,
338 2425 382 2491 en
394 2428 503 2499 vuum,
524 2419 669 2507 stupendi
685 2422 716 2485 ui
730 2418 953 2507 grandibusque
966 2416 1052 2483 factis
1063 2420 1215 2507 insignem,
1236 2446 1296 2491 non
1312 2430 1472 2512 babuerit;

339 2533 433 2596 enque
455 2531 518 2575 non
539 2508 726 2595 superbierit.
771 2512 849 2573 Sunt
868 2526 991 2591 quoque
1011 2508 1120 2572 eruditi
1135 2512 1203 2593 viri,
1228 2516 1282 2597 qui
1299 2518 1473 2585 existiment

337 2602 522 2664 coloniarum
543 2598 633 2661 duces
647 2598 687 2661 ab
701 2592 772 2658 Airai
794 2594 954 2679 profectos,
977 2609 1012 2657 ut
1026 2593 1151 2661 diversas
1175 2603 1307 2687 Europae
1334 2611 1473 2693 regiones
1540 2662 1541 2689 ,

337 2696 528 2771 occuparent,
550 2672 642 2771 uulgi>
655 2685 800 2748 vocitatos
816 2674 900 2747 inille
914 2683 1068 2773 Hercules.

364 2861 463 2923 'Cau
486 2860 545 2921 111.
590 2854 749 2919 Bardieum
773 2868 888 2917 uocant.
935 2858 1010 2919 Sunt
1034 2856 1086 2940 qui
1102 2857 1249 2924 barritum
1272 2862 1410 2929 mellente
1437 2882 1470 2931 at

335 2944 455 3008 barrire
470 2944 709 3030 elephantorum
734 2940 787 3015 eli,
823 2960 900 3023 quoa
925 2962 963 3004 ne
988 2961 1129 3006 noverunt
1153 2948 1280 3028 quidem
1309 2951 1468 3020 Germani.

335 3028 467 3095 Bardire
479 3032 550 3096 verb
573 3046 729 3113 oerrorum
744 3027 797 3103 est,
818 3047 893 3109 quos
907 3026 1059 3111 laepillime
1083 3033 1243 3096 audiebant
1261 3040 1470 3124 continu6que

284 3177 287 3184 .
332 3116 518 3181 venabantur
531 3133 600 3181 turn
615 3118 768 3191 Germani,
790 3130 856 3176 tum
873 3116 965 3189 Galli,
993 3117 1072 3201 apud
1096 3140 1171 3199 quos
1184 3122 1395 3191 celeberrimus
1409 3130 1470 3193 luit
1540 3176 1541 3207 3

269 3207 273 3214 '
332 3203 480 3268 budicus.
524 3206 597 3269 Inde
613 3219 704 3277 uates,
725 3200 779 3285 qui
792 3202 850 3263 hoe
863 3203 989 3266 modulo
1003 3206 1175 3285 utebantur,
1199 3209 1271 3273 dliii
1282 3210 1352 3277 sunt
1369 3216 1465 3281 bardi.

331 3292 502 3375 Dequibus
515 3288 633 3377 egregie
648 3294 786 3353 Lucanus
802 3293 829 3363 1,
852 3308 927 3374 447.

377 3462 552 3549 Vosquoque,
576 3460 858 3548 quifhrcesanimas,
881 3460 999 3545 belloque
1008 3474 1164 3551 peremptas

377 3548 529 3614 laudibus
542 3550 573 3612 in
588 3549 699 3629 longum
713 3559 796 3609 vates
810 3547 958 3609 dimittitis
974 3568 1081 3625 avum,

364 3633 514 3698 ·Plurirna
515 3635 618 3718 securi
623 3631 745 3719 fudistis
758 3632 891 3695 carmina
904 3634 1000 3697 bardi.

328 3806 556 3873 Canadeniabns
571 3824 693 3892 quoque
704 3806 823 3889 populis
838 3784 888 3869 sua
902 3803 970 3869 sunt
992 3806 1132 3885 carmina,
1155 3812 1203 3876 des
1216 3810 1348 3901 cheraeus
1362 3820 1398 3883 de
1406 3844 1462 3904 gu.

326 3920 403 3972 erre,
418 3894 527 3976 cuique
537 3896 632 3980 genti,
647 3896 756 3974 cuique
767 3894 858 3954 etiam
867 3892 986 3955 familiae
999 3898 1129 3977 proptia.
1177 3896 1254 3963 Vide
1268 3904 1304 3964 P.
1315 3906 1353 3969 de
1363 3910 1449 3971 Cbar

328 3986 438 4057 leunix,
461 3977 597 4067 Journal
608 3976 762 4065 hssariquc
774 3979 852 4041 d’uu‘
865 3971 971 4061 uaiagc
991 3980 1025 4043 de
1037 3978 1224 4065 i'Ama‘rique,
1248 3990 1355 4057 Lettre
1370 3952 1463 4076 XIV,
1539 3982 1540 3997 ¹

327 4090 396 4156 pag.
420 4086 495 4152 2¹7·

1306 4335 1395 4403 Cur.
1421 4337 1458 4402 V.
