3250 5259
345 499 387 584 ia
621 503 1215 597 oncruuauttruns
1282 514 1285 518 ’

344 679 483 760 resumat,
505 681 634 748 veritatis
646 675 741 746 facem
758 701 808 766 per
822 681 922 745 omnia
937 677 1013 744 ferat
1036 695 1073 745 ut
1085 677 1407 746 omuee‘discutiantur
1418 698 1474 744 ca-

342 765 471 850 liqinese
496 769 548 835 nlsr
562 771 689 854 denique
710 770 794 834 teilo
814 771 845 834 δι
858 785 942 831 certo
955 767 1115 832 instruitur
1132 768 1167 831 tit
1180 773 1297 834 critices
1318 769 1472 845 acumine,

343 873 407 936 quo
429 857 574 921 doceatur
587 857 712 942 quando
736 873 838 922 textus
861 853 966 919 serrari
981 857 1097 932 debeat,
1119 857 1241 940 qnando
1255 856 1342 940 possit
1362 855 1472 929 deseri,

342 961 407 1024 quo
431 945 573 1030 intelligat
586 945 660 1029 qnid
681 941 750 1008 reri
770 941 975 1026 descriptoris
1000 956 1052 1006 aut
1067 961 1125 1006 nou
1140 943 1187 1023 fir,
1209 964 1274 1027 qno
1293 941 1374 1027 ipsas
1399 953 1474 1006 auc·

343 1031 416 1092 toris
429 1031 671 1096 hallucinationes
699 1031 716 1093 d
735 1033 849 1096 librarii
879 1032 980 1093 erratis
996 1029 1154 1107 discernat,
1174 1052 1240 1114 quo
1256 1029 1383 1094 demum
1403 1033 1472 1094 loca

340 1133 484 1199 corrupta
498 1117 539 1182 stc
551 1117 695 1196 restituat,
719 1135 753 1182 ut
768 1119 877 1198 pariter
889 1117 964 1181 absrt
979 1115 996 1178 i
1017 1118 1174 1180 timiditate
1187 1119 1294 1202 ignara
1308 1117 1338 1180 ic
1351 1118 1396 1181 ab
1413 1135 1474 1178 au-

340 1202 406 1267 daci
431 1207 603 1270 temeritate.
646 1211 710 1270 Nec
722 1203 810 1282 satis;
834 1203 907 1288 pene
933 1205 1030 1267 dicam
1053 1207 1135 1281 hunc
1153 1205 1258 1268 eodem
1282 1221 1337 1268 aut
1359 1203 1474 1266 saltent

339 1287 428 1352 simili
442 1296 561 1375 ingenio
574 1287 687 1357 'donari
707 1307 846 1378 oportere
858 1307 949 1375 atque
971 1293 1056 1354 iilum
1078 1290 1162 1372 cujus
1184 1288 1288 1374 scripta
1312 1293 1341 1355 in
1362 1292 1470 1369 ‚lucem

338 1376 425 1441 cdere
448 1378 573 1463 suscipit.
620 1381 783 1444 Aristotelis
805 1381 903 1444 editor
916 1374 1120 1441 versatiffimus
1142 1376 1197 1440 tile
1211 1379 1334 1442 deberet
1346 1381 1381 1440 in
1396 1379 1471 1440 dias

339 1463 444 1530 kirica
461 1469 513 1530 itta
535 1465 634 1533 subtili
659 1467 746 1530 simul
780 1469 809 1530 dr
832 1464 962 1542 sublimi,
993 1468 1054 1548 quai
1073 1463 1266 1548 philosophus
1285 1467 1336 1528 ille
1359 1481 1471 1527 omnes

338 1553 464 1614 omuino
475 1551 673 1634 scientiarum,
695 1555 905 1618 humaniorum
920 1554 1081 1616 litterarum
1093 1551 1125 1612 dr
1136 1554 1244 1615 artium
1259 1569 1357 1636 partes
1371 1553 1470 1614 menti

335 1637 396 1702 suae
409 1640 580 1705 addicebat.
625 1641 755 1705 Platonis
773 1641 867 1704 editor
888 1639 1007 1702 deberet
1032 1641 1196 1722 intelligere
1218 1637 1339 1722 penitus
1363 1637 1471 1701 causas

335 1727 365 1790 ἃ
387 1725 460 1791 fines
473 1729 669 1813 philosophie
686 1729 852 1812 platoniam,
874 1725 905 1789 δι
918 1724 1072 1789 infinitam·
1080 1725 1249 1788 sermonum
1272 1725 1354 1788 iilius
1370 1729 1470 1788 ramo

336 1827 438 1892 tatem,
461 1817 523 1898 qui
540 1818 577 1882 ad
598 1817 697 1880 omnia
715 1817 837 1878 dicenda
860 1833 979 1896 genera,
1003 1815 1041 1877 ad
1061 1833 1162 1877 omnes
1178 1811 1332 1877 scribendi
1344 1813 1468 1891 modos,

333 1901 470 1967 meust&
485 1903 644 1986 multiplex
658 1903 686 1966 se
701 1902 956 1966 accommodabat.

375 1989 446 2049 Non
461 1989 566 2071 loquar
579 1991 617 2052 da
629 1987 772 2068 historicis
786 1987 933 2070 depectit,
945 1987 1063 2068 quantit
1074 1982 1181 2069 nempe
1194 1984 1317 2057 dotibus
1327 1984 1465 2050 instruc-

333 2078 401 2134 tum
417 2072 474 2137 esse
494 2092 630 2160 oporteat
655 2077 799 2138 editorem
808 2074 1012 2155 Thucydidis,
1035 2073 1192 2148 Herodoti,
1216 2072 1361 2156 AEschyli,
1405 2079 1468 2136 So-

331 2158 458 2242 phoclis,
483 2161 645 2246 Euripidis,
669 2159 937 2245 Aristophania,&
966 2159 1103 2235 aliorum,
1134 2179 1269 2244 quorum
1283 2157 1393 2244 scripta
1425 2162 1468 2224 ad

168 2321 172 2328 ¹
240 2319 242 2323 ⁸
331 2266 386 2310 noa
400 2266 594 2332 peruenerunt
624 2251 691 2332 plus
709 2246 840 2314 minusve
854 2247 1030 2311 adulterata.
1075 2251 1172 2311 Pauca
1197 2246 1346 2311 duntaxat
1360 2249 1465 2314 dicam

330 2333 370 2396 de
394 2338 562 2401 oratoribus
577 2340 673 2400 atticis
688 2335 765 2400 circa
779 2357 855 2418 quos
869 2355 927 2417 ego
940 2336 1039 2398 versor
1060 2330 1221 2418 praecipue.
1268 2332 1465 2414 Qui-scilicet

330 2421 463 2504 apprime
478 2427 651 2508 cognoverit
672 2445 757 2486 veros
784 2425 854 2486 illos
870 2424 901 2484 st
922 2421 1060 2484 aratura
1077 2423 1166 2484 datos·
1178 2418 1316 2502 aueum,
1339 2421 1463 2486 firmam

329 2507 410 2572 iliam
425 2509 606 2575 &subtilem
621 2511 765 2596 arguendi
782 2509 969 2583 methodum,
992 2507 1143 2572 venusium
1153 2508 1234 2570 illam
1254 2510 1285 2570 dr
1299 2507 1357 2571 sale
1383 2527 1465 2572 cona

328 2595 423 2659 ditam
447 2596 672 2681 simplicitatem,
699 2600 760 2660 tim
783 2597 863 2660 illam
886 2594 1027 2658 sermonis
1054 2617 1125 2678 quae
1152 2615 1201 2658 res
1227 2596 1354 2660 exhibet
1371 2595 1463 2678 quati

328 2681 361 2743 in
376 2680 461 2746 soenai
479 2701 647 2768 agerentur,
674 2695 851 2749 concentum
869 2683 952 2744 illum
968 2683 1126 2746 uerborum
1140 2681 1358 2746 demulcentem
1373 2703 1465 2746 auree

327 2765 463 2847 brevitet,
487 2791 553 2854 quae
582 2775 684 2835 omnia
719 2772 775 2834 illle
808 2770 949 2833 omuibus
984 2788 1068 2832 eraut
1094 2771 1292 2846 communia,
1329 2771 1355 2832 is
1384 2771 1464 2832 milti

190 2901 192 2906 ,
327 2857 446 2919 ridetur
463 2857 596 2922 maximi
622 2862 758 2920 omnium
786 2857 865 2940 polle
887 2854 1045 2918 emendare
1066 2856 1097 2918 in
1120 2871 1207 2918 tereto
1234 2857 1318 2938 quod
1338 2854 1462 2938 peccat,

327 2935 449 3022 re‘jicere
473 2962 524 3008 aut
547 2947 672 3028 adjicere
691 2944 776 3032 quod
812 2944 936 3010 illorum
973 2944 1093 3026 iugenio
1119 2942 1378 3028 congruuntur»
1405 2951 1462 3007 aut

324 3033 513 3094 contrarium.
705 3107 709 3114 ι
1213 3104 1216 3109 ,

369 3117 519 3198 Equidem
534 3119 671 3196 arbitror,
694 3115 724 3180 ἃ
740 3117 798 3180 hoc
812 3118 955 3180 ultimum
970 3115 1187 3191 animadverto,
1210 3112 1280 3180 fore
1301 3129 1348 3177 ut·
1359 3114 1387 3179 is
1402 3118 1463 3198 qui

308 3197 414 3264 ¹alicui
440 3207 519 3283 operi
549 3207 580 3267 irr
602 3208 695 3268 alium
710 3203 873 3268 sermonem
901 3203 1047 3267 verrendo
1071 3204 1156 3266 dedit
1175 3219 1312 3287 operum,
1333 3200 1461 3269 facilius

325 3285 571 3368 patrissaturum
583 3291 966 3374 huiceidemoperiedendo
980 3291 1162 3354 incumbere.
1170 3290 1264 3354 uuita
1274 3287 1389 3352 scilieet
1398 3292 1465 3354 atta

325 3376 430 3437 tutiori
443 3378 490 3437 viai
500 3381 632 3460 corrupti
643 3392 743 3441 textus
754 3377 846 3440 sanari
861 3391 983 3458 queunt,
1005 3376 1095 3458 quim
1121 3377 1188 3440 said
1205 3381 1338 3460 primum
1351 3382 1462 3441 omni-

325 3478 376 3520 urn
390 3481 444 3542 pro
458 3481 539 3528 certo
562 3480 694 3526 teneatur
708 3461 919 3546 quid'scriptor
942 3466 973 3526 in
991 3464 1102 3525 animo·
1117 3465 1260 3528 habuerit
1280 3464 1398 3540 dicere,
1415 3478 1461 3526 ‚ut

312 3545 435 3611 ‘certius
447 3549 644 3635 cognoscatur
664 3551 740 3634 quid
752 3552 983 3634 seipsi-dixerit.
1008 3548 1104 3612 Porro
1118 3551 1142 3614 is
1157 3553 1210 3632 qui
1226 3549 1365 3614 accurate
1377 3567 1461 3635 opus

324 3631 446 3712 aliquod
461 3637 503 3697 in
513 3638 601 3700 alium
614 3637 778 3702 sermonem
796 3653 912 3700 verrem
927 3635 1049 3712 studuit,
1073 3636 1105 3698 id
1123 3638 1232 3699 debuit
1247 3637 1460 3702 intenderent
1534 3683 1536 3705 .

323 3722 464 3798 reperiret
481 3741 583 3788 omues
598 3722 698 3787 sensus
708 3745 801 3800 veros,
826 3741 860 3786 ut
874 3723 958 3787 series
968 3721 1111 3786 rerunt&
1126 3726 1289 3796 connexio,
1320 3722 1351 3786 dt
1363 3726 1459 3806 qnid-
1534 3708 1536 3787 i

324 3805 400 3887 quid
414 3809 446 3868 ib
460 3807 614 3872 affesiibue
637 3809 666 3871 ὅτ
680 3805 831 3873 sententiis
852 3812 987 3873 limatius
1007 3809 1050 3873 est
1061 3808 1092 3872 dt
1106 3807 1254 3887 subtilius,
1277 3809 1378 3894 ipsum
1388 3831 1459 3876 nott
1534 3814 1536 3897 ξ

322 3892 475 3974 effugeret.
497 3917 500 3922 ·

367 3983 429 4062 Has
442 3975 654 4047 observationes
667 3981 783 4046 criticae
796 3981 975 4046 concludent
994 3980 1145 4066 expusrtae
1154 3983 1274 4067 aliquot
1290 3985 1412 4066 regnlae
1424 3980 1457 4045 dt
1534 4014 1536 4037 1

325 4083 438 4126 normae
453 4083 523 4146 quae
533 4067 683 4129 aduttum
700 4070 857 4150 pertinent,
880 4071 960 4134 lit-ex
973 4069 1024 4134 his
1033 4069 1272 4151 consequuntur.
1316 4073 1354 4132 'Si
1372 4091 1455 4154 opus
1534 4104 1535 4113 ι

276 4204 277 4213 ,
325 4150 448 4229 aliquod
469 4153 609 4213 ira-lucem
626 4155 703 4235 typis
722 4154 976 4238 editurprimum,
1005 4157 1185 4240 non‘potest
1210 4157 1270 4220 elie
1290 4171 1456 4221 muratus

325 4234 603 4317 nimis&religiosus
614 4257 648 4301 ut
657 4240 788 4304 codicem
798 4240 1034 4326 manuscriptum
1045 4247 1132 4307 talem
1148 4243 1342 4327 repraesentet
1354 4245 1456 4326 qualis

324 4318 362 4380 ad
378 4324 431 4418 ιιιιέΙ
445 4325 578 4402 pervenit
587 4351 595 4398 ;
621 4323 652 4387 bc
668 4327 738 4388 huic
759 4327 811 4390 uni
834 4327 951 4393 iludere'
966 4331 1055 4394 debet
1070 4348 1106 4394 ut
1126 4330 1267 4414 apprime
1281 4325 1370 4415 legat*
1389 4351 1457 4392 ma·

324 4399 517 4487 uuscrrptum
530 4409 691 4494 exemplar,
725 4411 754 4476 δι’
781 4414 1001 4509 nihilomnino
1026 4419 1150 4484 excidat
1166 4415 1246 4484 dum
1273 4417 1455 4484 excuditur.
