3250 5259
547 525 878 594 namen.
1097 477 1101 486 ⁴
1206 521 1252 610 ⁶3

127 713 225 783 atque
239 698 329 765 etiam
343 717 450 772 moneo
460 709 582 764 textum
593 719 652 764 non
663 697 773 761 temere
785 699 842 762 elle
855 698 1056 767 deserendum.
1092 699 1161 764 ·Sed
1175 696 1261 782 quod

129 787 214 870 apud
231 807 336 851 omnes
353 788 432 850 viros
455 784 540 850 sanos
563 787 684 850 evidens
708 783 761 861 esi,
784 787 817 850 id
841 789 931 852 teneri
961 789 1048 852 debet
1070 804 1104 853 ut
1118 788 1258 856 evidens;

131 891 228 957 atque
243 875 492 940 utcontemnitur
518 873 623 936 stultus
637 871 690 936 isle
712 873 765 958 qui
790 873 845 936 fibi
866 877 1094 960 congratulatur
1115 873 1194 936 solus
1218 873 1261 934 ob
1303 925 1306 932 ,

131 959 319 1044 euidentiam
348 961 442 1024 menti
464 959 535 1036 suae,
555 975 591 1022 ut
611 975 708 1043 putat,
737 958 955 1042 affulgentem;
986 961 1028 1025 itai
1054 963 1193 1026 laudatur
1220 960 1261 1021 ab

132 1049 282 1112 omnibus
297 1046 336 1110 v&
357 1051 571 1129 comprobatur
584 1044 717 1129 sapientis
731 1048 786 1110 viri
804 1047 960 1123 industria,
983 1051 1047 1132 qui,
1070 1071 1102 1114 re
1117 1045 1262 1133 perpensi
1292 1112 1295 1118 ι

133 1137 312 1218 diligenter,
334 1135 365 1197 id
381 1135 536 1198 admittere
549 1154 608 1196 non
624 1132 743 1197 dubitat
756 1134 841 1218 quod
855 1134 910 1220 ipsi
924 1135 1006 1200 resta
1019 1138 1097 1202 ratio
1118 1153 1263 1217 tanquam

130 1223 294 1288 certum&
309 1222 512 1284 indubitatum
532 1221 665 1284 exhibet.
995 1238 998 1243 ·

181 1314 357 1391 Antequam
371 1310 478 1388 loquar
491 1309 529 1370 de
546 1308 668 1370 dotibus
680 1307 766 1392 queis
784 1307 930 1372 donatum
951 1310 1006 1374 esl'e
1016 1310 1117 1374 deceat
1129 1323 1263 1373 veterum

134 1397 299 1468 editorem,
321 1393 460 1458 distinct)
481 1393 595 1476 duplici
609 1414 717 1475 genere
737 1394 907 1458 editionum
932 1413 968 1460 ut
981 1399 1094 1481 duplex
1111 1399 1264 1461 editorum

136 1503 239 1566 genus
258 1481 391 1554 distinxi,
414 1481 480 1543 haec
499 1480 591 1543 sentio
605 1483 635 1542 &
648 1480 729 1544 dico.
773 1481 841 1544 Illas
862 1485 983 1546 maximi
997 1488 1130 1548 omnium
1145 1482 1263 1558 faciam,

136 1575 170 1636 in
203 1569 317 1653 quibus
335 1567 442 1649 aliquis
457 1568 628 1631 excellentis
647 1568 764 1648 judicii,
786 1567 864 1631 intra
882 1569 1001 1634 debitos
1021 1564 1097 1636 sines
1116 1570 1147 1634 se
1168 1571 1266 1633 conti·
1385 1570 1388 1575 '
1494 1549 1500 1558 ’

135 1678 224 1732 nens,
249 1655 324 1718 sanae
335 1657 450 1718 critices
463 1653 527 1718 sace
538 1671 698 1738 praeeunte,
720 1676 842 1738 operam
854 1656 970 1720 dederit
986 1676 1021 1721 ut
1035 1657 1105 1721 suns
1116 1659 1265 1721 veteribus

113 1743 259 1827 ‚scriptis
272 1743 350 1806 nitor
361 1740 539 1806 restituatur.
585 1742 643 1806 Sed
664 1739 738 1806 adei>
753 1763 812 1806 non
830 1759 1033 1822 contemnam,
1054 1761 1090 1810 nt
1102 1745 1132 1808 δι
1144 1740 1267 1827 prorsuis

137 1831 316 1898 necessarias
331 1829 488 1892 habiturus
502 1826 555 1892 sim
569 1848 616 1898 eas
631 1831 663 1892 in
678 1832 789 1912 quibus
804 1832 848 1892 rit
867 1833 1012 1907 eruditus,
1036 1833 1172 1915 petlesiis
1186 1831 1266 1914 pati-

135 1936 227 1984 enter
241 1915 398 1982 &solerter
413 1914 569 1998 perspectis
581 1917 702 2000 optimis
714 1916 879 1992 codicibus,
902 1919 989 1982 nobis
1005 1920 1161 2002 diligenter
1171 1917 1268 1982 tradet

139 2003 285 2092 pretiosas
296 2019 428 2067 veterum
438 2001 615 2087 scriptorum
629 2002 782 2087 reliquias.
828 2007 883 2066 Eae
896 2003 967 2071 snlae
986 2008 1151 2086 rejiciendae
1177 2019 1268 2069 crunt

139 2095 303 2169 editiones,
324 2091 356 2154 in
379 2090 492 2173 quibus
522 2093 695 2154 temerarius
716 2092 825 2166 editor,
853 2089 1033 2156 ledionibus
1060 2091 1191 2157 obscuris
1211 2106 1269 2154 aut

139 2178 260 2244 vitiosis
274 2178 313 2242 ad
327 2178 479 2246 libidinem
498 2198 560 2242 uon
573 2177 611 2240 ad
625 2179 744 2240 rationis
759 2197 894 2241 normam
912 2180 1064 2259 contestis,
1087 2180 1221 2244 intrudet
1235 2179 1269 2242 in

139 2283 262 2332 textum
282 2263 465 2328 fortuitas&
487 2266 602 2347 ineptas
614 2264 838 2327 emendationes
852 2284 924 2346 qnae
945 2267 1069 2349 publici
1087 2286 1161 2332 mox
1184 2263 1267 2329 insa·

140 2355 207 2421 miai
222 2357 388 2420 inurentur.
697 2361 700 2368 '

183 2443 256 2504 Non
271 2441 297 2502 is
311 2437 375 2502 sum
394 2437 448 2522 qni
459 2436 580 2500 editoris
589 2434 694 2500 laudes
707 2455 888 2519 exaggerare
901 2438 1060 2523 aggrediar
1073 2440 1145 2524 quia
1155 2453 1271 2505 veteres

140 2529 236 2595 edere
250 2522 359 2609 suscepi
376 2551 387 2601 ς
409 2525 458 2588 sed
483 2525 514 2588 id
529 2520 602 2586 vetis
620 2523 732 2606 possum
744 2522 892 2590 affirmare
905 2546 967 2590 non
991 2528 1125 2592 omnium
1137 2530 1198 2594 esst
1211 2529 1276 2591 boc·
1400 2563 1405 2570 .

143 2631 264 2680 munus
278 2615 399 2696 exequi.
443 2615 492 2674 De
505 2610 645 2694 operibus
658 2612 763 2693 graecis
778 2612 929 2678 duntaxat
943 2613 1060 2697 loquat,
1081 2614 1151 2680 crim
1178 2631 1214 2680 ut
1237 2617 1271 2679 in

142 2702 210 2768 uni
235 2723 266 2766 re
289 2701 452 2786 legentium
472 2699 599 2766 attentio
620 2695 766 2772 consiliat,
789 2697 854 2764 tim
876 2698 959 2783 qnbd
987 2704 1129 2785 pleraque
1147 2703 1271 2768 illorum

144 2785 291 2856 mendosa
316 2783 449 2851 maxime
474 2786 504 2848 dt
528 2785 633 2848 mutila
658 2786 696 2847 nd
720 2805 773 2847 nos
795 2803 1003 2870 pervenerunt.
1054 2792 1184 2874 Oportet
1204 2787 1273 2854 sane

144 2876 330 2960 scriptorum
343 2894 509 2959 graecorum
520 2873 666 2944 editorem
681 2872 792 2954 linguae
806 2895 917 2959 graecae
927 2889 1058 2940 mentem
1070 2876 1273 2961 &ingenium

146 2963 329 3037 idiotismos,
352 2961 471 3044 regulas
484 2959 514 3022 δι
528 2960 729 3043 exceptiones¹
751 2959 862 3025 radices
874 2962 1034 3027 verborum
1049 2962 1080 3028 δι
1099 2963 1273 3048 significeti-

145 3072 225 3118 ones
239 3047 421 3154 diversas&-
430 3063 524 3110 cetera
537 3067 606 3130 quae
626 3047 664 3109 ad
677 3066 742 3108 eam
759 3046 876 3129 penittis
889 3050 1112 3136 intelligendam
1123 3053 1273 3135 pertinent

147 3136 390 3294 timisti?
402 3135 575 3304 ,mile
588 3133 1100 3305 ttlssssttltslit‘tt‘ttiss’
1115 3138 1276 3308 limi

145 3315 227 3382 esset
240 3307 448 3374 Athenienlist
473 3307 515 3371 itai
528 3304 595 3370 sane
608 3306 696 3369 illum
717 3325 838 3388 oportet
858 3309 967 3374 horum
980 3313 1119 3376 omnium
1132 3311 1188 3376 esse
1200 3333 1277 3376 con-

146 3400 364 3471 sultiffimum;
387 3393 504 3460 vertim'
518 3395 584 3458 haec
604 3393 664 3476 ipsa
679 3412 738 3456 non
753 3393 914 3462 sufficiunt.
957 3400 1120 3482 Nunquam
1143 3400 1191 3462 ille
1213 3420 1277 3464 rem

149 3489 192 3554 ad
208 3483 325 3550 felicem
338 3485 452 3548 exitum
467 3483 622 3564 perducet,
644 3477 698 3542 nist
709 3478 781 3543 forti
795 3485 896 3546 animo
910 3483 1052 3568 preditus
1066 3486 1114 3561 lit,
1131 3489 1185 3569 qui
1199 3488 1277 3550 mul·

152 3576 195 3640 tie
209 3567 382 3654 crebrisque
401 3567 625 3632 difficultatibus
647 3567 792 3631 excitetur
816 3572 920 3654 magis,
940 3570 1054 3636 nedtim
1070 3574 1277 3649 deterrarum

151 3659 211 3726 nisi
235 3657 326 3723 etiam
352 3655 461 3720 invisis
482 3655 613 3718 donatus
634 3651 671 3718 fit
692 3655 847 3718 tolmantiai
870 3661 931 3740 quai
952 3660 1024 3722 velit
1043 3661 1149 3724 eadem
1169 3659 1279 3744 sepius

151 3747 318 3819 inculcare,
339 3759 376 3808 nt
398 3738 555 3826 caliginosa
567 3741 667 3804 omnia
687 3741 883 3819 elucidentur,
906 3748 1018 3808 mutila
1030 3761 1214 3831 reparentur,
1234 3749 1281 3812 as·

152 3855 231 3922 perc
243 3831 484 3915 complanentur,
505 3828 650 3908 impedita
658 3829 864 3911 expediantur,
876 3852 958 3896 curae
973 3835 1281 3921 printeecorrigantur

150 3921 240 3992 ¹,curis
255 3917 484 4004 posterioribus3
507 3913 563 3979 nist
588 3913 704 3997 insuper
717 3917 893 3980 acerrimum
913 3917 945 3980 δι
958 3917 1169 4005 sagacissimum
1190 3921 1281 3988 sorti-

155 4025 210 4076 tus
226 4007 263 4072 stt
278 4005 442 4089 ingenium,
464 4022 529 4086 quo
543 4022 645 4064 acrum
657 4001 717 4064 loci
730 4002 857 4084 alicujus
869 4002 984 4070 sensum
1000 4007 1212 4092 deprehendat,
1235 4013 1282 4074 in·

154 4115 205 4164 ter
230 4090 258 4158 se
282 4091 447 4176 pugnantia
469 4090 613 4164 conciliet,
632 4089 743 4171 replent
764 4111 856 4154 uacua
879 4095 910 4156 8ι
934 4094 1045 4173 hiulca,
1065 4096 1283 4169 connexionem

154 4179 317 4273 perspiciat
329 4176 536 4242 sententiarum
550 4174 580 4240 &
594 4177 817 4261 probationum,
830 4181 1030 4265 interruptum
1039 4184 1184 4250 orationis
1197 4184 1283 4260 iilum

154 4355 268 4426 quidem
278 4347 390 4420 judicio,
407 4361 510 4403 textum
564 4365 633 4411 rum,
655 4346 777 4412 nitidum,
794 4347 917 4418 lesluque
927 4350 1034 4408 facilem
1043 4353 1146 4410 effioere
1157 4355 1285 4410 breviori.

156 4432 210 4480 bns
223 4423 366 4490 notisque
388 4415 469 4488 ipsam
489 4417 516 4469 di
544 4418 668 4470 cultatem
682 4417 766 4471 statim
778 4418 890 4486 solvant,
906 4420 1010 4490 rejeffie
1033 4422 1132 4480 sellim
1149 4426 1285 4496 qualibus.

157 4509 268 4567 eanque
280 4488 410 4570 abitinere
422 4487 512 4542 alienis
523 4485 756 4557 disputationibus·
873 4509 880 4518 ·

1033 4619 1037 4624 ,
1150 4562 1290 4648 resumat,
1349 4587 1354 4592 ·
