3250 5259
329 513 372 568 ια
493 477 494 482 '
654 457 1199 584 ιιι(;.ιί1(;ιιι’τ.1

324 666 393 730 «enti
414 667 604 752 peragebant.
649 671 690 733 Er
705 670 774 736 haec
783 669 908 752 jocandi
923 666 1022 734 forma
1044 669 1129 737 nullo
1141 670 1213 736 certi
1227 671 1353 750 alicuius
1377 689 1480 754 argo·

334 753 429 820 menti
452 751 511 820 fine
531 754 764 834 continebature
788 753 838 822 sed
852 774 917 822 erat
930 760 1011 821 uaria
1025 777 1144 822 rnorum
1166 756 1312 842 farragine
1336 757 1479 824 conserta

262 872 269 894 ι
333 839 366 926 dt
395 839 478 926 quast
510 841 630 909 saturae
668 843 835 926 cuiusmodi
868 842 1092 928 scriptiunculas
1114 846 1197 929 apud
1222 861 1279 909 nos
1305 835 1476 912 emmaum

335 931 427 994 variis
441 931 608 1013 opprobriis
624 929 786 997 inferciunt
800 933 952 996 vernaculi
966 931 1103 1010 artifices,
1123 953 1202 1016 quoa
1218 935 1312 1017 vulgo
1335 931 1474 996 fusiores

335 1035 553 1100 nuncupamur.
609 1019 755 1083 Paulatim
783 1037 855 1082 vero
874 1021 1010 1084 excitatis
1038 1017 1165 1104 ingeniis
1186 1041 1262 1106 vaga
1280 1021 1309 1084 dr
1327 1034 1478 1103 ,proterva

336 1101 490 1168 satirarum
526 1107 668 1170 dicacitas
701 1104 740 1168 ad
768 1102 939 1171 fabularum
973 1122 1148 1191 argumenta
1182 1108 1333 1172 transferri
1359 1107 1477 1190 coepit,

254 1195 256 1200 '
336 1211 466 1276 quarum
487 1191 640 1258 audiorenr
670 1194 775 1256 Livius
798 1194 1009 1261 Andronicum
1034 1192 1089 1258 srbi
1116 1196 1327 1278 cognominem
1353 1194 1477 1270 laudat,

205 1289 210 1297 “
336 1297 468 1364 eumque
497 1281 536 1345 ab
564 1279 658 1346 satiris
685 1284 728 1344 ait
751 1275 854 1344 ausum
876 1282 933 1348 elie
966 1282 1097 1366 primum
1125 1296 1301 1366 argumento
1335 1280 1476 1345 fabulam

293 1421 295 1426 a
336 1363 449 1432 serere:
476 1368 559 1444 unde
573 1365 838 1434 manifelliffimnm
853 1365 899 1442 fit,
929 1366 1038 1451 scripta
1066 1368 1117 1431 sua
1129 1385 1258 1447 veteres,
1277 1368 1396 1454 quibus
1414 1389 1477 1432 non

318 1533 319 1538 ἵ
335 1469 400 1518 erar
416 1449 598 1541 proposrtnm
609 1456 734 1538 alicujus
747 1454 914 1540 argumenti
932 1455 1106 1520 tractatione
1120 1452 1254 1540 suscepta
1267 1453 1477 1532 dilmmmsed

287 1577 292 1590 ·
337 1543 439 1625 potina
452 1545 538 1608 ‘varia
564 1545 697 1628 carptim¹
720 1556 824 1608 notate
849 1563 884 1606 ac
910 1563 942 1606 re
964 1545 1134 1616 rebendere,
1157 1544 1197 1607 ab
1219 1565 1253 1607 ea
1277 1545 1420 1628 congerie
1447 1541 1477 1605 dr

336 1625 489 1694 saturitate
509 1627 681 1714 inscripsisse
694 1626 805 1694 satiras.
850 1563 1067 1714 QriAEinoepa
1081 1632 1186 1696 titulus
1211 1631 1250 1692 ab
1275 1631 1310 1696 iia
1331 1629 1398 1696 fere
1421 1629 1477 1714 qni

337 1735 443 1800 praroa
457 1716 558 1786 'seculi
581 1715 626 1782 sui
650 1737 747 1782 mores
776 1714 988 1800 descripserunt
1018 1715 1062 1782 est
1088 1718 1362 1802 frequentarent
1387 1718 1479 1803 qnod

338 1803 495 1876 hominum
510 1803 616 1870 scelera
640 1826 657 1868 u
683 1802 780 1891 poetis
794 1805 881 1870 uelut
903 1807 1005 1869 inritis
1019 1807 1100 1870 inter
1118 1807 1339 1889 indignationes
1352 1805 1385 1868 dr
1411 1802 1476 1868 sns-

336 1894 411 1976 piria
424 1893 632 1976 expresserant,
655 1911 715 1956 nou
731 1892 885 1974 peculiari,
910 1888 960 1956 sed
974 1896 1124 1958 communi
1147 1892 1317 1958 &fortuita
1340 1893 1474 1978 appella·

336 1977 618 2064 tionecenlereturr
642 1979 774 2063 essetque
788 1979 871 2062 quod
886 1981 1035 2045 airAEiius
1060 1983 1208 2056 Donatus,
1230 1980 1293 2046 fine
1314 1980 1375 2044 ullo
1404 2001 1474 2065 pro·

335 2071 393 2152 prii
409 2069 535 2132 nominis
551 2066 639 2130 titulo
655 2086 787 2132 carmen.
833 2069 973 2154 Ceterum
988 2066 1120 2148 etsrjnre
1145 2070 1271 2132 Satiram
1291 2066 1354 2148 ,srbi
1379 2081 1479 2131 totam

336 2158 466 2220 Romani
478 2169 629 2239 arrogent,
653 2169 826 2218 nontamen
846 2153 968 2218 inficior
992 2155 1106 2238 aliquid
1123 2157 1182 2222 eise
1206 2158 1282 2220 inter
1296 2157 1479 2218 Graecorum

335 2246 456 2325 Satyros
476 2241 507 2304 dr
534 2240 746 2306 Romanorum
773 2239 874 2306 satiras
893 2260 1078 2326 ,communae
1109 2259 1232 2308 namot
1258 2258 1357 2326 poetae
1368 2241 1475 2311 Gtaeci

243 2349 246 2356 ·
335 2331 605 2416 Satyros'priurutu
619 2331 769 2394 induxere
788 2331 842 2412 qui
860 2328 1112 2411 dithyrambos&
1130 2330 1257 2412 phallica
1279 2329 1476 2414 tripudiando
1538 2364 1540 2389 ι

333 2409 484 2494 canerent,
510 2415 669 2502 posteaque
695 2411 820 2480 minutis
846 2415 965 2481 sabellis
982 2417 1013 2480 tr
1035 2417 1169 2483 ridiculis
1191 2420 1312 2482 canticis
1339 2419 1475 2500 Satyrion

230 2527 232 2533 ·
334 2505 501 2590 petulantia
516 2503 587 2572 susts
606 2503 754 2590 tragoedia
779 2503 901 2568 tandem
924 2504 1031 2570 habitu
1059 2504 1207 2590 vultuque
1225 2506 1365 2590 graviore
1390 2505 1476 2568 culta

243 2615 247 2624 ¹
333 2594 456 2674 prodit3
483 2593 522 2658 sc
540 2593 631 2655 etiam
653 2593 800 2656 Romanae
815 2587 910 2654 scenae
921 2591 1051 2656 artifices
1063 2595 1194 2674 primum
1208 2589 1325 2657 Tuscos
1335 2591 1476 2656 ludiones

325 2681 452 2758 imitati,
475 2677 574 2742 versus
592 2679 765 2743 inconditos
783 2675 967 2743 Fescenninis
982 2678 1089 2743 srmiies
1100 2675 1215 2757 indere,
1239 2700 1311 2744 mox
1324 2679 1362 2744 ad
1377 2679 1477 2764 pleni·

315 2819 318 2830 ,
333 2786 401 2832 ores
412 2765 524 2847 satiras,
535 2763 639 2848 &post
653 2784 746 2829 annos
756 2765 877 2850 aliquot
891 2767 932 2830 ab
947 2763 1041 2831 satiris
1055 2767 1093 2830 ad
1104 2763 1272 2832 fabularum
1287 2781 1477 2852 argumenta,

333 2851 409 2920 srcnt
422 2875 461 2920 ex
484 2854 771 2932 Livionotarimus,
787 2847 966 2935 processere:
991 2857 1067 2938 quin
1087 2853 1118 2917 dt
1131 2853 1252 2922 Latinae
1281 2853 1373 2934 satirae
1402 2875 1474 2919 curn

333 2943 467 3024 Satyrica
481 2941 661 3006 Graecorum
677 2941 706 3002 in
716 2960 753 3003 eo
762 2943 925 3006 'convenire
937 2939 1068 3018 viderur,
1083 2943 1165 3025 quod
1177 2941 1475 3027 utrique'ridiculum

274 3045 290 3084 υ
332 3029 416 3093 inest.
462 3031 522 3094 Sed
534 3028 636 3092 Graeci
648 3027 772 3110 quidem
784 3027 905 3110 Satyros
918 3027 1022 3092 dixere
1034 3028 1075 3094 ab'
1090 3033 1201 3112 Satyris
1211 3028 1383 3116 agrestibus,
1400 3050 1475 3115 qnos

332 3115 541 3202 petulantes&
558 3129 715 3198 protervos
730 3113 867 3200 plerique
881 3115 1091 3186 crediderunt:
1115 3117 1300 3189 Latinirero
1313 3115 1351 3182 ab
1365 3115 1472 3182 saturi·

202 3187 234 3250 f
268 3261 275 3272 ,
332 3217 392 3268 tate
420 3202 450 3266 dr
478 3203 565 3286 copia
586 3199 790 3286 congestisque
809 3195 930 3266 ¹salibus
954 3201 985 3267 δι
1007 3202 1085 3286 jocis
1116 3207 1253 3281 Saturam
1276 3205 1474 3288 appellavere.

116 3328 143 3380 Χι
239 3329 242 3331 -
260 3333 264 3346 =
331 3291 474 3374 Denique
489 3306 523 3354 ut
544 3289 694 3372 praeeipua
708 3292 886 3372 Satyrorum
900 3292 998 3375 gratia
1011 3291 1165 3356 conflabat
1178 3295 1353 3370 imitatione,
1374 3290 1421 3356 fic
1445 3291 1476 3354 da

201 3407 204 3418 ¹
332 3377 506 3454 Satirarum,
530 3375 693 3458 dequibus
714 3395 794 3440 nunc
822 3377 947 3461 agimus,
970 3375 1025 3442 dos
1052 3381 1182 3444 maxima
1209 3381 1243 3443 in
1271 3378 1475 3463 descriptione

331 3465 460 3530 consistit
473 3495 485 3546 3
507 3479 598 3549 atque
609 3463 688 3530 idem
701 3463 829 3528 omnino
841 3461 885 3528 etl
900 3467 1025 3528 Horatio
1038 3465 1211 3544 describere,
1223 3468 1307 3551 qnod
1318 3463 1473 3532 Aristoteli

218 3591 220 3599 ·
330 3552 491 3641 μιμεῖῶαι·
511 3547 616 3634 nempe
636 3569 733 3614 morea
747 3550 872 3632 alicujus
896 3551 1024 3636 figurate
1047 3570 1160 3631 notare,
1181 3574 1217 3619 ac
1238 3553 1476 3642 reptaesenmndo

205 3671 213 3682 ·
329 3642 371 3714 ste
386 3645 553 3719 deformare
567 3651 597 3714 δι
611 3648 766 3727 illustrare,
786 3667 821 3715 ut
835 3671 910 3736 pene
927 3654 1023 3717 oculis
1043 3653 1245 3739 subjiciantur.
1287 3663 1383 3724 Porro
1405 3678 1475 3722 cnm

330 3735 460 3800 unirersr
473 3737 641 3804 bominesa
657 3755 761 3804 natura
776 3735 834 3802 srnt
856 3739 896 3802 ad
922 3741 1102 3808 imitandum
1118 3744 1281 3827 aptiffrmir
1302 3763 1337 3810 ur
1364 3747 1473 3820 ridere,

324 3819 430 3902 jocari,
453 3823 566 3902 ludere,
598 3845 685 3908 aeque
707 3825 842 3890 naturale
864 3825 907 3889 eil
932 3829 1049 3892 Graecis
1073 3849 1109 3894 ac
1131 3833 1289 3897 Barbaria:
1313 3834 1355 3897 fic
1382 3836 1473 3898 etiam

328 3909 431 3976 eaden
447 3926 552 3978 natura
577 3909 730 3988 suadente,
765 3907 859 3976 miliia
877 3911 956 3997 jocis
971 3915 1147 3983 xdisieriisve
1178 3941 1284 4005 pravus
1314 3921 1474 3984 hominum

327 4013 425 4070 mores
439 3999 545 4062 inritati
555 4014 608 4062 aut
619 3998 790 4078 describere,
799 4019 888 4084 aeque
901 4021 1027 4084 pronum
1038 4001 1097 4069 fult
1106 4007 1231 4082 Latinis,
1242 4023 1337 4093 atque
1347 4007 1475 4082 Graecis.

328 4083 394 4150 Sed:
410 4083 526 4150 Graecis
555 4083 681 4172 quidem
703 4087 837 4170 Satyrica
853 4090 1020 4170 proterviae
1041 4094 1157 4158 Latinis
1169 4115 1244 4160 xnero
1265 4117 1321 4181 per
1348 4093 1474 4168 satimm,

325 4167 359 4234 ia
377 4169 429 4238 mir
446 4171 906 4268 euroyrdrerprirorerursus&
930 4178 1054 4244 Latinos
1081 4200 1204 4268 qnoque
1227 4183 1363 4266 Satyrica
1390 4199 1473 4265 petu-

272 4297 273 4302 ’
1376 4278 1481 4358 lautia,
