3250 5259
224 615 231 622 .
317 513 365 604 36
583 503 1197 586 oastnvaulortns

311 693 355 756 'ad
379 693 543 780 marginem
562 691 630 758 sunt
651 675 860 779 apponendae
881 691 912 755 id
932 689 986 769 eil,
1008 691 1237 775 relinquendum
1262 684 1401 765 malum,
1425 681 1461 752 ὅτ’

315 782 484 845 remedium
497 781 584 846 extra
596 783 778 864 ponenduma
820 784 976 858 Praeterea,
1000 777 1273 845 litexrusomninb
1290 798 1396 861 purus
1419 777 1458 839 lit

315 867 348 929 dt
362 869 486 948 nitidus,
509 891 544 934 ac
555 890 628 931 rarae
642 871 791 932 duntaxat
802 883 963 950 appareant
975 867 1212 940 adulterationes‚
1228 884 1302 929 tunc
1314 866 1458 948 possunt,

315 953 378 1018 imb
398 956 519 1034 debent,
542 972 577 1019 ut
592 955 768 1038 plurimum,
789 952 1009 1018 emendationes
1022 955 1130 1034 apponi
1144 955 1182 1017 ad
1196 953 1379 1037 marginem,
1401 968 1460 1013 aut

316 1038 396 1105 instit
412 1045 551 1126 paginam
569 1044 659 1124 rejici.
705 1039 816 1106 Verum
828 1039 860 1116 st,
883 1043 961 1104 utin
978 1040 1119 1103 omnibus
1141 1037 1204 1103 fere
1216 1038 1314 1120 Lysiae
1327 1039 1458 1121 scriptis

317 1126 350 1191 dt
369 1131 401 1192 in
415 1131 480 1192 aliis
494 1129 654 1214 aliquibus,
678 1126 801 1214 srngulae
814 1124 910 1190 ferme
925 1127 1011 1190 lineae
1026 1143 1146 1190 textum
1165 1129 1330 1190 exhibeant
1345 1123 1459 1189 misere

317 1229 506 1300 corruptum,
530 1233 602 1280 tunc
619 1218 745 1300 plurima
765 1214 936 1296 diversaque
958 1213 990 1276 δε
1008 1214 1114 1276 menda
1137 1214 1166 1276 u
1188 1213 1272 1298 figna
1297 1217 1459 1276 annotati·

317 1320 412 1374 onum
438 1304 561 1368 taedium
590 1302 699 1386 scripto
724 1302 943 1386 importabunt,
973 1298 1121 1381 hujusque
1138 1303 1198 1364 vim
1224 1300 1255 1362 dt
1282 1301 1457 1383 elegantias
1530 1374 1531 1391 ἵ

318 1386 437 1473 prorsuis
450 1393 591 1456 obruent.
635 1393 783 1464 Carmina,
810 1387 971 1467 orationes,
993 1387 1095 1450 &alia
1108 1389 1175 1468 ejus
1188 1389 1303 1471 generis
1329 1387 1457 1470 scripta,
1530 1412 1531 1467 j

319 1497 385 1539 nno
395 1493 496 1542 tenore
511 1479 568 1561 legi
580 1477 690 1542 debent
712 1493 746 1540 ut
760 1476 962 1560 intelligantur
977 1499 987 1551 ς
1008 1490 1099 1555 atque
1112 1474 1181 1536 ideo
1187 1477 1286 1556 jacent
1298 1475 1456 1560 'neglectae

318 1561 500 1644 aiplurimis,
519 1569 567 1630 vel
585 1565 729 1628 editiones
743 1565 802 1626 illae
824 1563 980 1626 incondito
993 1562 1175 1624 eruditionis
1194 1579 1342 1645 apparatu
1361 1577 1455 1626 extu·

254 1671 257 1675 ·
294 1647 490 1725 -rnescentes,
511 1655 557 1716 vel
572 1673 607 1716 ea
634 1673 703 1734 quae
723 1667 756 1715 ut
781 1650 1025 1714 annotationibus
1045 1648 1168 1711 omnino
1180 1667 1282 1711 vacuae
1301 1647 1385 1725 sunt,
1411 1647 1456 1711 iti
1530 1694 1531 1723 ᾗ

269 1779 273 1790 ι
321 1737 561 1822 mendisquibus
577 1742 696 1802 codices
718 1735 908 1818 manuscripti
930 1735 1044 1800 scatent
1065 1733 1195 1799 reserrae.
1238 1739 1321 1822 Qae
1336 1752 1456 1812 tamen,

321 1825 391 1888 litet
413 1824 515 1906 perse
540 1829 589 1891 virt
616 1827 763 1910 legantur,
786 1825 951 1906 adjumenti
981 1843 1041 1885 non
1065 1819 1171 1906 partim
1194 1823 1326 1886 afferunt
1351 1822 1456 1905 perito
1530 1834 1531 1895 ζ

321 1911 440 1986 editori,
478 1911 560 1978 unde
598 1933 646 1976 eas
682 1913 820 1976 conficiat
854 1911 1001 1976 editiones
1028 1930 1098 1994 quae
1124 1907 1208 1998 sacili
1234 1910 1359 1994 negotio
1392 1910 1456 1993 legi

346 2013 447 2062 neant.

321 2019 345 2084 q
367 2085 480 2168 Neque
500 2084 601 2148 dicant
616 2086 790 2150 temeritatis
804 2085 861 2150 esse
872 2085 1092 2148 emendationes
1105 2085 1265 2148 immittere
1279 2085 1381 2147 textui
1393 2083 1457 2147 fine

253 2241 256 2246 ,
321 2171 387 2236 ulli
402 2173 542 2235 codicum
562 2171 825 2256 manuscriptorum
837 2173 1034 2236 undositate·
1062 2171 1141 2235 Nam
1167 2167 1297 2256 primum
1324 2172 1456 2254 quidem

323 2259 460 2348 libertate
473 2259 518 2342 ea,
534 2263 622 2341 q'uam
640 2261 835 2324 temeritatem
850 2273 957 2323 vocant
970 2261 1000 2322 δε
1019 2259 1181 2338 licentiam,
1194 2257 1245 2321 ›ust
1260 2257 1329 2321 sunt
1344 2256 1456 2344 saepids

325 2343 551 2430 praestantiffimi
565 2350 715 2424 editores;
738 2362 829 2430 atque
852 2347 883 2410 id
897 2366 993 2408 unum
1003 2344 1085 2428 ipis,
1107 2362 1144 2409 ut
1163 2347 1223 2426 jam
1237 2345 1315 2421 dixi,
1332 2347 1456 2410 crimini
1530 2424 1531 2427 Ἴ

323 2435 426 2510 datur,
448 2435 544 2518 qubd,
566 2435 676 2500 ledlore
698 2455 761 2498 non
792 2437 919 2508 monito,
951 2432 1151 2502 comestiones
1174 2431 1240 2495 snas
1273 2429 1453 2497 intextum
1530 2432 1531 2467 l

325 2519 479 2604 aliquoties
493 2523 655 2601 injecerint.
701 2521 829 2597 Deinde
851 2518 1005 2583 srnniversr
1021 2521 1141 2583 codices
1154 2521 1303 2584 evidenter
1316 2538 1456 2603 peccant,

312 2628 382 2672 cut
396 2609 505 2671 menda
515 2609 661 2672 evidentia
675 2611 706 2671 itr
722 2625 807 2672 textu
822 2609 1059 2688 relinquerentur
1075 2610 1086 2668 ?
1103 2606 1163 2670 Hic
1175 2604 1283 2670 iterum
1297 2609 1458 2670 adhibebo

324 2711 394 2759 'eam
406 2697 658 2776 comparationem
673 2716 765 2779 quam
777 2692 863 2779 supra
876 2694 974 2769 attuli,
998 2705 1154 2778 quamque
1176 2696 1302 2758 arbitror
1325 2695 1366 2757 ad
1392 2715 1456 2758 rem

327 2781 524 2848 decidendam
534 2780 666 2846 maxime
679 2780 827 2846 conferre.
871 2780 972 2856 Num,
993 2776 1106 2863 quaeso,
1129 2780 1314 2845 servarentur
1334 2781 1368 2846 iu
1386 2782 1460 2868 gale
1530 2794 1531 2833 ἐ

321 2871 386 2934 *lieri
404 2867 538 2932 editione
559 2871 637 2932 noval
665 2869 719 2952 ipst
736 2888 849 2932 errores
864 2867 1084 2951 typographici,
1107 2870 1177 2950 quia
1201 2864 1348 2933 universa:
1366 2870 1455 2933 editi·
1530 2888 1531 2941 ς

327 2977 399 3022 ones
412 2978 482 3039 quae
497 2956 713 3020 antecesserunt
728 2956 774 3020 his
789 2955 939 3018 erroribus
954 2956 1148 3025 laborarent?
1530 2956 1531 3035 ξ

372 3045 451 3106 Mihi
467 3043 557 3126 potrb
568 3041 677 3106 referre
691 3045 777 3106 liceat
791 3041 875 3126 quod
888 3038 1010 3123 ipsemet
1024 3057 1166 3124 expertus
1180 3039 1243 3106 snm
1258 3042 1298 3105 de
1318 3043 1454 3126 quanam
1530 3050 1531 3115 1

320 3128 452 3213 epistota
465 3151 556 3211 quam
571 3131 676 3212 opinor
700 3131 758 3194 elle
777 3127 921 3200 Isocratis,
944 3130 998 3192 etfi
1013 3129 1075 3191 haec
1095 3129 1128 3192 in
1142 3130 1222 3192 nulla
1243 3127 1341 3192 exstat
1364 3128 1455 3214 scrip·
1530 3124 1532 3196 l

307 3221 311 3230 ’
330 3234 430 3281 totum
443 3217 524 3278 illius
542 3217 683 3280 editione.
729 3216 890 3301 Epistolam
909 3216 996 3292 hanc,
1018 3212 1155 3300 scriptam
1181 3219 1219 3278 ad
1232 3216 1455 3280 Archidamum
1530 3206 1531 3215 ἵ

327 3305 622 3370 Lacedaemoniorum
638 3323 751 3386 regem,
774 3301 959 3366 Hoeschelius
973 3304 1004 3365 in
1020 3301 1100 3365 suam
1113 3304 1215 3366 Photii
1228 3303 1395 3368 editionem
1409 3306 1457 3366 in-

244 3438 255 3472 „
329 3391 429 3466 duxit,
453 3406 486 3452 ut
500 3411 569 3474 quae
583 3390 670 3452 allata
690 3387 792 3456 luisset
815 3410 853 3453 ex
880 3390 1020 3452 Italiaab
1037 3391 1159 3452 Andrea
1177 3392 1300 3452 Schoto.
1346 3391 1456 3472 Quum
1530 3378 1531 3469 l

322 3499 388 3562 ego
401 3477 500 3542 textis
527 3477 610 3558 plura
639 3478 704 3540 loca
727 3475 962 3550 emendantem,
996 3476 1269 3539 &emendationes
1298 3497 1384 3540 meas
1409 3498 1458 3540 re·

330 3580 471 3647 cepturns
486 3562 571 3626 ellem
585 3565 615 3624 in
631 3579 749 3628 textum
773 3579 807 3626 ut
830 3562 989 3639 evidentes,
1011 3582 1061 3626 eas
1085 3560 1148 3624 sere
1172 3584 1287 3639 omnes,
1309 3583 1373 3627 non
1399 3565 1461 3628 fine

329 3673 443 3735 magno
467 3652 626 3732 voluptatis
654 3649 736 3714 sensu
762 3649 950 3714 confirmatas
968 3649 1065 3731 reperi
1078 3650 1109 3711 in
1125 3649 1247 3714 duobus
1261 3650 1459 3716 bibliothecae

329 3743 419 3822 regiae
433 3735 634 3818 manuscriptis
648 3739 811 3801 codicibus.
856 3737 919 3822 Qi
940 3734 1004 3798 duo
1018 3735 1134 3799 codices
1151 3735 1173 3798 sr
1196 3757 1256 3800 non
1271 3734 1458 3812 exstitissent,

330 3846 404 3891 num
421 3828 513 3907 igitur
528 3825 558 3885 in
573 3838 658 3888 textu
670 3825 775 3887 menda
784 3820 970 3903 reliquissem,
983 3840 1166 3904 repugnante
1180 3821 1262 3886 sensu
1276 3821 1306 3884 dt
1319 3826 1457 3888 ratione?

270 3927 273 3933 '
332 3933 405 3976 num
420 3910 516 3994 pallus
537 3910 625 3974 ellem
650 3911 697 3976 his
713 3910 806 3974 ueluti
822 3907 1011 3971 offendiculis
1026 3909 1170 3974 leslorem
1185 3911 1338 3994 impediri,
1360 3923 1459 3996 quum

326 4081 434 4136 Mende
446 4099 505 4154 quae
528 4081 573 4150 ipsr
586 4071 723 4134 necessarii
735 4081 877 4146 carmelum,
893 4078 1014 4150 quamvis
1035 4091 1152 4150 attentus
1175 4079 1217 4143 stt,
1232 4098 1282 4134 nec
1303 4081 1458 4137 mendosum
1530 4074 1531 4077 ¹

331 4155 447 4206 codicem
459 4156 485 4204 in
506 4152 626 4203 manibus
640 4151 740 4215 habeat,
757 4168 797 4202 me
809 4149 919 4219 singulis
943 4149 1036 4202 ‹liebut
1058 4151 1166 4203 edocent
1179 4152 1315 4220 quomodo
1340 4167 1460 4206 veterum
1486 4163 1492 4172 ⁴

291 4275 295 4283 ,
331 4219 427 4292 scripta
439 4219 637 4276 ascribentibus
660 4221 794 4290 potuerint
814 4220 966 4286 adulterari,
983 4222 1009 4270 dt
1020 4220 1084 4272 mihi
1098 4221 1163 4288 saepe
1181 4235 1302 4273 tertuum
1322 4224 1459 4276 restituen-
1530 4240 1531 4277 Τ

331 4293 426 4344 dotum
444 4293 499 4344 vias
517 4304 674 4358 aperuerunt
730 4289 791 4342 Non
810 4307 826 4340 a
847 4306 889 4340 me
913 4288 1025 4360 postulat
1047 4288 1136 4358 opisex
1159 4304 1190 4343 ut
1208 4290 1288 4362 ipfiuu
1311 4308 1460 4346 erratorum

325 4361 461 4434 'radonem
472 4360 591 4420 habeam,
611 4357 709 4414 &mihi
722 4355 860 4431 peripsum
872 4357 933 4412 licet
944 4375 974 4411 ea
985 4362 1133 4416 emendare.
1530 4368 1531 4371 ’

1408 4429 1461 4520 ipli
1530 4448 1531 4473 ¹
