3250 5259
332 1229 708 1360 METRA
756 1127 1476 1356 HORATIANA.

460 1649 541 1734 ch.
573 1625 690 1734 wase
720 1656 927 1736 Ambroao
963 1652 1178 1736 aonwocae
1215 1651 1258 1731 a.
1289 1648 1333 1729 a.

341 2014 504 2184 ΛΜΞ
527 2011 563 2092 os
591 2029 647 2094 tot
672 2013 800 2118 magni
827 2013 928 2094 inter
955 2013 1107 2094 Graecos
1135 2002 1287 2093 nomint's
1317 2004 1477 2118 Lyricae

462 2124 600 2228 Poe'fios
627 2139 786 2220 autores,
816 2151 910 2202 unus
939 2124 1040 2206 nobis
1070 2122 1257 2229 Horatius
1271 2118 1399 2227 facit,
1431 2135 1476 2196 nt

340 2238 441 2318 enias
481 2231 732 2338 desideremus.
773 2233 961 2317 ·Placotit
1014 2234 1135 2342 igitur
1165 2229 1304 2344 ficatio
1335 2226 1479 2336 ingenii

329 2348 447 2457 felix,
474 2343 814 2450 numeriseuriostes.
871 2343 1086 2424 Horatiana
1111 2361 1210 2426 certe
1225 2357 1347 2423 metra
1370 2338 1473 2420 Dio·
1535 2350 1536 2433 l

213 2505 216 2518 ·
343 2457 457 2540 medes
473 2456 518 2538 ὅ
541 2454 695 2534 Marias
723 2452 944 2555 Vollorinns,
967 2471 1113 2564 prater
1127 2453 1304 2540 Plocium
1316 2445 1366 2548 ²&
1380 2447 1473 2531 Ati-
1535 2482 1537 2605 J

344 2567 433 2651 dum
472 2568 800 2660 Fortunatoamtm,
839 2591 883 2643 ex
916 2563 1071 2674 profesto
1107 2564 1258 2676 posteris
1288 2559 1477 2672 explicata

344 2681 587 2786 reliquerunt.
646 2674 827 2781 Specimen
857 2675 1045 2757 eorundem
1069 2675 1109 2756 in
1134 2670 1478 2778 brevemtabellam
1534 2674 1536 2761 l

345 2789 540 2896 conjetlnm
554 2785 753 2868 continenti
767 2785 927 2866 carmine
940 2787 1153 2880 Petronius,
1167 2786 1260 2896 quis
1271 2781 1479 2892 nisisftoit,
1533 2854 1534 2911 1

348 2895 462 3008 (nam
489 2897 577 2976 alios
593 2892 741 3004 eJ‘ustlm
761 2895 911 2976 nominis
934 2897 1011 2978 alia
1026 2915 1120 2977 atas
1138 2896 1227 2978 tulit
1226 2815 1271 3006 l
1283 2894 1324 2974 in
1343 2894 1479 3000 vulgus
1533 2914 1534 2917 ’

347 3006 474 3088 edidit.
530 3005 600 3087 Ad
616 3003 710 3114 ssud
719 3006 914 3112 exemplum
931 3005 1114 3118 magistri,
1144 3032 1298 3118 quoram
1315 3000 1478 3115 discipli·
1532 3034 1533 3073 o

272 3175 281 3192 .
348 3147 406 3200 nee
431 3117 530 3222 origo
547 3116 639 3195 mihi
666 3133 782 3196 tecum
814 3117 1005 3220 commanis
1020 3117 1125 3224 fuit,
1154 3134 1242 3226 quot
1257 3112 1481 3228 septimanis

348 3243 489 3308 mutato
503 3225 623 3319 titulo,
652 3254 714 3303 nos
731 3225 866 3305 tirones
881 3233 934 3309 ad
948 3227 1178 3334 multoj'ngam
1192 3229 1312 3333 Lyra
1327 3225 1481 3316 Latina

349 3334 619 3416 modulationem
647 3353 901 3415 exercuerant.
957 3341 1023 3418 Ita
1051 3340 1161 3419 velim
1171 3337 1239 3417 boc
1254 3335 1398 3418 nomini
1424 3353 1483 3414 tuo
1530 3294 1532 3385 l

350 3446 564 3554 inscriptum
577 3443 748 3551 acceptas,
777 3443 833 3524 ita
846 3448 999 3542 tuearis,
1028 3475 1099 3528 non
1132 3469 1312 3556 tanquam
1337 3437 1487 3555 aliquod

350 3582 522 3661 magnum
540 3571 608 3632 out
625 3581 771 3648 novum,
787 3553 862 3664 sed
874 3574 918 3636 ut
930 3555 1119 3664 indignum
1145 3557 1290 3668 qaodin
1316 3555 1483 3667 desuetu-

351 3660 468 3744 dinem
513 3661 634 3768 abeat,
677 3691 756 3744 oum
787 3667 825 3742 in
851 3669 890 3764 ᾖ
921 3685 1064 3748 tantum
1106 3668 1240 3752 habeat
1271 3662 1481 3775 compendii.

354 3767 475 3852 Tuum
506 3771 579 3852 erit
610 3773 725 3852 vicem
777 3771 981 3886 Pafiphaes
1002 3777 1241 3887 stebstituere,
1268 3776 1482 3887 Daphnen,

355 3878 610 3974 Phaethonta,
667 3883 878 3965 Cadmum.
946 3892 1135 3996 Quotam
1159 3888 1377 3996 argumenti
1405 3881 1486 3972 atri

353 4007 423 4068 aut
434 3989 598 4096 foebulofi
621 3991 763 4086 eminet,
790 3996 981 4078 materiam
992 3997 1275 4107 steppeditalit3
1315 3994 1421 4088 modo
1447 4018 1485 4074 nt

355 4095 441 4200 defit
471 4101 651 4206 afflatus:
684 4103 789 4181 Vltro
822 4107 944 4214 rapiet
973 4107 1081 4220 adse
1106 4096 1484 4220 generohuaobooa

292 4269 295 4274 ,
345 4205 559 4310 juventutis
605 4207 765 4305 indolem,
807 4215 850 4292 ni
862 4217 1000 4325 fallor,
1046 4204 1395 4336 artifexm}
1413 4226 1482 4327 Ψ

357 4315 490 4394 rettias
506 4311 854 4422 adDithyrambenn
872 4327 1105 4412 contendant.
1160 4329 1297 4413 velet
1392 4398 1396 4402 Α

1292 4433 1483 4557 ease-
