3250 5259
452 451 532 576 na
579 509 934 613 canarno,
990 511 994 522 ·
1061 545 1065 552 -
1248 547 1348 615 ,7,

135 674 206 751 doa,
229 672 289 738 hoc
302 671 355 756 eii,
378 673 569 741 mensuraria
584 692 677 741 cantu
692 673 865 755 observare„
879 674 1068 762 remissusque
1085 700 1138 750 aut
1163 705 1286 773 acutos,
1333 696 1337 701 ’

134 765 296 826 autetiam
311 775 417 845 graves
441 765 537 829 facere
560 773 615 848 p'ro
637 766 771 830 arbitrio.
815 767 852 827 In
865 761 1028 847 Tragoedia
1040 770 1194 857 et‘Saryra
1206 767 1283 866 sep(

130 848 227 911 decim
250 870 378 914 numero
397 852 633 917 interveniebant
649 845 795 914 Marianas
812 868 844 914 et
855 848 1022 935 Histrioner
1037 877 1055 925 3⁴
1073 857 1105 921 in
1133 861 1279 933 Comoedia
1380 892 1385 898 ·

129 936 228 998 etiam
242 950 368 1018 quatuor
377 951 407 1000 et
416 937 534 1021 viginti.
562 937 649 1022 ¹Qui
661 937 747 1001 simul
759 938 855 1001 coaiti
870 938 900 999 in
912 939 1047 1021 quolibet
1064 944 1173 1012 horum
1182 957 1284 1034 gene·'

133 1043 179 1097 re,
206 1043 360 1107 unamque
372 1045 435 1090 rem
451 1043 583 1109 agentes,
607 1023 844 1102 utiamdidlum
859 1023 912 1100 est,
937 1022 1046 1098 Chorus
1069 1035 1274 1104 vocabanturr

132 1107 224 1172 divisi
239 1111 269 1174 in
290 1113 363 1176 duas
378 1128 487 1197 partes,
505 1109 706 1196 Semiclrrr'ia:
728 1111 782 1176 ubi
796 1123 896 1176 antem
919 1109 1019 1195 gestus
1039 1133 1070 1182 et
1091 1139 1208 1206 cantus,
1220 1129 1284 1190 ab:

134 1195 286 1262 solverant
301 1195 380 1276 suos,
395 1215 459 1264 tum
473 1201 505 1264 in
516 1216 614 1283 partes
628 1199 728 1284 plnres
742 1199 952 1264 dividebantur
965 1223 973 1259 =
986 1218 1021 1264 nt
1035 1205 1085 1270 alii
1106 1207 1196 1276 client
1217 1207 1275 1305 qul
1357 1243 1362 1255 ¹

132 1281 234 1362 senes,
256 1283 307 1348 alii
322 1291 376 1372 qui
391 1303 550 1364 amatores,
573 1285 773 1373 mulierculas,
795 1284 893 1354 serr'ne
916 1284 1066 1368 luderent,
1088 1295 1275 1382 personisque
1357 1341 1361 1350 ·

133 1392 172 1436 ae
186 1371 315 1437 vellium
328 1375 471 1438 varietate
496 1373 701 1453 induerentur,
724 1373 983 1460 quemadmodum
997 1399 1043 1444 rea
1054 1381 1227 1465 exhibebat,
1238 1406 1280 1454 ac·

135 1460 482 1558 morieeratapudeoq.
572 1507 576 1514 ι
1272 1478 1277 1487 “

312 1599 633 1714 dmidiurerPersinae
647 1623 1022 1716 Hssrionumscenicorurn.
1136 1690 1143 1708 ,

178 1787 331 1856 Personati
346 1787 512 1874 Histriones
536 1791 663 1875 agebant
673 1790 879 1866 comoediam,
894 1790 1000 1881 neque
1016 1795 1266 1882 agnoscebantur.
1302 1777 1314 1828 Ἰ

135 1878 195 1941 Sed
211 1881 254 1942 ita
267 1877 447 1961 compositae
459 1897 494 1942 ac
505 1877 650 1943 conflatae
661 1894 744 1942 erant
759 1876 912 1962 personae,
927 1898 961 1944 ut
976 1881 1118 1951 referrent
1133 1891 1164 1952 id
1175 1891 1270 1976 ipsum
1332 1884 1335 1893 ⁸
1366 1886 1372 1908 ¹

135 1965 223 2048 quod
248 1987 267 2029 a
288 1965 382 2030 mimo
395 1965 539 2050 agebatur
556 1991 565 2038 t
588 1965 750 2050 liceretque
764 1965 821 2035 sub
834 1965 903 2050 ἱρῆς
918 1987 1020 2033 vocem
1033 1975 1096 2054 ejus
1112 1978 1215 2042 andire
1235 1984 1271 2046 11.

135 2053 252 2120 beram
299 2053 385 2132 Nam
406 2052 489 2135 quod
514 2054 652 2118 nonnulli
676 2053 791 2130 dicunt,
814 2051 977 2119 sststtionea
1000 2074 1114 2124 tantum
1139 2065 1270 2146 gestibus

135 2137 336 2204 Comoediam
354 2139 454 2224 egisse,
474 2159 534 2204 non
549 2142 640 2206 etiam
657 2142 724 2204 viva
746 2140 920 2223 prolatione,
943 2145 975 2207 id
991 2148 1088 2210 minus
1106 2153 1177 2214 mihi
1194 2176 1269 2236 pro.
1302 2225 1308 2235 ⁵
1327 2227 1335 2240 ·

135 2226 271 2292 bandum
286 2227 344 2292 esse
359 2226 488 2290 uidetur.
533 2225 742 2293 Vesliebantur
756 2249 878 2312 quoque
893 2229 1053 2296 Histrionee
1078 2257 1133 2318 pro
1158 2244 1270 2307 rarione

136 2335 254 2391 eornm,
277 2334 356 2399 quoa
370 2310 544 2390 referebant,
567 2313 690 2390 bocest,
714 2313 759 2379 rel
779 2311 942 2394 serrorum,
964 2320 1009 2381 rel
1023 2316 1135 2399 senum,
1158 2329 1203 2389 vel
1228 2331 1270 2392 ai·

137 2402 231 2468 terius
245 2401 384 2486 personae
404 2400 526 2466 dirersis
540 2401 649 2466 modia.
697 2399 818 2464 Senibus
828 2404 961 2466 comicis
978 2406 1126 2470 candidus
1150 2433 1187 2473 ve
1211 2413 1270 2480 itus

137 2491 279 2565 dabatur,
306 2491 360 2574 qui
389 2489 478 2554 etiam
504 2488 723 2574 antiquissimus
744 2485 833 2552 suisle
848 2508 1039 2556 memoratur.
1084 2413 1271 2647 Μέντης

136 2575 278 2642 discolori
296 2575 374 2650 velle
387 2577 635 2662 contegebantur.
681 2573 772 2678 Servi
793 2577 910 2645 Comici
931 2579 1043 2643 amidio
1067 2579 1157 2646 vestie
1197 2603 1268 2652 ntur

135 2662 828 2836 ‘iemttlltzltlltttzrilall
872 2667 1270 2844 llei‘tllbettlss‘t:

138 2858 188 2901 rea
202 2834 375 2902 utebantur..
420 2836 542 2903 Puellae
555 2837 676 2904 habitus
694 2852 757 2901 erat
770 2839 953 2920 peregrinus.
998 2840 1075 2906 Leno
1092 2846 1184 2926 pallio
1197 2851 1272 2914 varii

136 2925 246 2990 coloris
262 2923 450 2990 vestiebatur.
495 2921 708 3002 d‘sererriciiar
723 2923 872 2987 dabantur
882 2924 1025 3012 syrmata,
1039 2931 1095 2994 hoc
1110 2931 1161 3008 esi,
1178 2936 1271 3000 vester

137 3007 299 3097 expansae,
317 3027 348 3077 et
361 3031 440 3097 quae
454 3012 576 3096 longius
601 3011 813 3100 trahebantur:
837 3028 921 3076 etant
946 3035 1069 3097 qnoque
1093 3018 1270 3106 plerumque

136 3100 210 3164 lutei
237 3099 355 3176 coloris,
368 3101 419 3164 ‘ob
436 3100 596 3167 avaritiam,
643 3100 779 3180 Syrmata
803 3101 904 3175 etiam,
934 3097 986 3164 seu
1008 3103 1091 3184 pulla
1117 3107 1271 3189 gestabant

137 3181 274 3252 luctuosa
290 3183 482 3263 funeralibus,
504 3205 581 3269 quae
601 3187 746 3250 incuriam
763 3181 807 3268 sui
831 3206 883 3268 per
896 3187 1106 3274 negligentiam
1120 3192 1270 3280 significa.
1361 3209 1364 3217 ¹

138 3275 226 3342 bant.
272 3276 331 3340 Sed
358 3273 380 3340 sr
408 3273 528 3358 quando
552 3274 729 3338 variandum
751 3271 783 3336 in
799 3275 970 3338 Comoediis
992 3292 1067 3355 erat,
1090 3281 1270 3368 vestitusque

137 3361 372 3426 commutandus
386 3382 441 3443 pro
453 3357 621 3440 affectibus,
641 3379 717 3446 quos
731 3380 770 3422 ex
784 3358 965 3424 comoediae
988 3362 1104 3428 adlibus
1118 3367 1269 3452 significa·

137 3452 225 3526 bant,
247 3450 332 3513 laetis
367 3445 489 3513 restitue
524 3449 654 3514 dabatur
687 3445 853 3513 candidate
875 3447 1056 3513 aerumnosas
1088 3453 1267 3526 obsoletus:

139 3538 228 3600 diviti
245 3557 367 3620 quoque
381 3555 568 3620 purpureus:
591 3537 715 3618 pauperi
735 3534 919 3618 phoenicius.
965 3538 1088 3620 Tragici
1113 3559 1167 3606 aut
1190 3549 1268 3610 Tra·

138 3623 230 3710 goedi
244 3623 359 3688 astares
375 3623 637 3686 calceamentorum
652 3641 787 3704 generet
802 3621 963 3686 Comoedia
987 3626 1149 3705 variabant,
1171 3653 1270 3717 eoque

138 3709 391 3776 discernebantur.
436 3711 606 3774 Utebantur
630 3709 709 3774 enim
735 3708 862 3792 Tragici
886 3710 917 3771 in
939 3709 1074 3776 Theano
1102 3714 1269 3801 arianis,

140 3801 228 3882 quod
239 3800 297 3863 tale
311 3817 404 3884 genus
418 3811 479 3860 erat
503 3797 702 3870 calceamenti,
724 3809 758 3858 ut
779 3794 887 3860 dextm
903 3794 1048 3883 laevoque
1070 3802 1139 3884 pedi
1157 3804 1268 3868 conre-

139 3885 242 3952 oirett
265 3903 415 3952 caeterum
431 3886 526 3952 altum
540 3899 571 3948 et
595 3883 777 3966 prominens,
799 3881 980 3968 actoresque,
996 3891 1180 3969 proceriores
1202 3891 1270 3956 effi.
1370 3903 1375 3912 ·

138 3976 223 4041 cieue
237 3995 272 4038 ac
292 3977 444 4038 referens:
466 3973 540 4054 varii
561 3973 679 4048 coloris,
700 3985 731 4036 et
746 3968 901 4034 honestum
915 3976 1154 4058 atqueelegana:
1175 3976 1270 4062 usque

139 4060 304 4131 adiutam
332 4061 513 4144 plerumque
527 4058 714 4131 dcundum,
738 4073 822 4122 more
838 4060 962 4136 Punico.
1005 4063 1120 4126 Comici
1144 4064 1270 4144 adorea,
1316 4073 1318 4081 '

140 4166 196 4212 aot
223 4149 371 4213 Comoedi
393 4150 422 4212 in
438 4143 529 4210 scenis
544 4145 835 4238 specisutebantur:
858 4147 944 4230 quod
966 4147 1154 4215 calceamenti
1173 4171 1272 4235 genua
1380 4145 1384 4156 “

140 4238 259 4319 optime
288 4229 343 4300 sub
359 4233 448 4320 pallio
468 4233 674 4298 conveniebat.
719 4231 986 4314 Quemadmodum
1001 4238 1080 4300 enim
1104 4244 1272 4321 pauperum
1317 4256 1319 4259 ·
1343 4239 1347 4244 ’

140 4345 178 4388 ac
207 4321 393 4388 rusticorum
423 4318 629 4386 vestimentum
656 4317 716 4382 suit
748 4319 884 4396 Pailium,
916 4322 956 4384 ita
979 4325 1067 4390 etiam
1098 4321 1198 4391 Socero
1225 4331 1272 4392 al-
1357 4335 1365 4344 '

142 4426 211 4486 tuat
227 4409 543 4484 macetranorum
565 4405 679 4473 rusticis
705 4406 874 4563 proprium,
897 4423 1022 4496 propter
1043 4409 1204 4493 imbreret
1225 4417 1272 4480 lu·

1209 4518 1275 4577 tum
