3250 5259
350 561 374 627 4
586 511 729 610 ''nn
771 540 1122 610 ruexrtto.

353 715 421 780 Hoc
444 729 544 780 autem
571 726 636 776 tum
666 713 786 778 demum
800 711 914 779 Lesior
925 709 1087 799 intelliget,
1107 733 1178 778 cum
1198 711 1378 799 pesnorerit,
1402 708 1486 792 quid

354 801 469 866 suerint
487 801 567 886 apud
592 801 730 886 antiquos
751 802 845 881 Ludi,
867 800 1013 880 Theatra,
1035 803 1140 881 Asius,
1165 806 1285 880 Scenae,
1313 815 1346 864 et
1372 796 1487 876 hujus·

354 889 437 956 modi
454 907 577 952 caetera.
640 912 664 928 ··
816 919 820 927 =
1318 929 1322 936 -
1354 905 1369 926 ·‘

394 979 489 1039 Vetus
508 978 607 1057 itaque
621 976 796 1051 Comoedia,
817 976 892 1039 item
902 976 992 1038 etiam
1007 969 1179 1060 Tragoedia
1207 975 1337 1058 primum
1350 972 1404 1055 agi
1418 966 1494 1032 sole·

249 1080 251 1086 ’
354 1062 409 1128 bat
423 1083 440 1125 a
454 1062 587 1136 Graecis,
610 1064 642 1124 in
658 1065 728 1126 vicis
749 1077 779 1124 et
800 1065 890 1143 pratis
910 1063 1064 1140 mollibus,
1095 1062 1249 1146 adscriptis
1270 1079 1301 1124 et
1325 1057 1495 1142 propofitis

356 1151 506 1234 praemiis,
529 1149 641 1232 quibus
661 1149 699 1211 ad
715 1147 902 1213 scribendum
916 1153 1072 1215 Poetarum
1084 1164 1320 1234 provocarentur
1334 1145 1466 1229 ingenia
1482 1163 1492 1204 ε

355 1237 506 1300 astoribus
519 1255 641 1318 quoque
655 1256 776 1299 munera
788 1234 1001 1311 offerebantur,
1022 1257 1169 1321 caperque
1181 1238 1263 1322 dono
1286 1233 1434 1305 dabatur,
1458 1244 1494 1292 ut

355 1325 500 1389 libentius
509 1323 646 1403 jucundo
661 1325 740 1386 vocis
750 1324 831 1387 flexu
841 1325 878 1388 ad
891 1323 1088 1389 dulcedinum
1101 1322 1365 1389 commentationes
1385 1337 1491 1402 popu·

355 1411 418 1476 lum
430 1409 591 1474 allicerent.
665 1445 668 1452 ·
1103 1411 1107 1418 “
1235 1429 1240 1436 ·

400 1497 578 1582 Agebantur
592 1495 771 1560 Comoediae
785 1511 817 1559 et
831 1497 1019 1580 Tragoediae
1029 1499 1111 1581 apud
1125 1493 1367 1562 vetustiffimosin
1385 1491 1491 1554 honn-

356 1603 421 1650 rem
437 1584 538 1648 Liberi
554 1583 659 1647 Patris.
702 1586 737 1644 In
748 1584 835 1645 Italia
855 1589 986 1666 primum
999 1587 1081 1649 asiae
1094 1583 1161 1649 sunt
1175 1581 1391 1666 Compitalitiis
1408 1577 1489 1641 ludi·

356 1669 426 1746 cris,
448 1667 573 1736 admisto
588 1669 841 1752 pronunciationis
855 1669 991 1747 modulo,
1014 1693 1088 1755 quo,
1111 1673 1184 1736 dum
1203 1671 1288 1735 attus
1311 1677 1489 1732 commuta-

355 1760 478 1834 bantur,
503 1757 632 1842 populus
647 1757 838 1822 detineretur.
886 1756 1076 1842 (impitasr'rir'
1087 1779 1187 1822 aurem
1196 1754 1353 1828 indidisti,
1362 1754 1422 1834 qui
1438 1771 1491 1834 per

357 1848 490 1928 compita
500 1845 609 1908 fiebant
625 1870 635 1921 ς
657 1841 817 1925 saeuaeque
831 1842 958 1906 dustiles
975 1844 1007 1906 in
1016 1846 1132 1926 plotlris
1142 1849 1183 1911 ob
1197 1847 1229 1908 id
1243 1844 1370 1925 antiquis
1393 1858 1488 1903 exco-

357 1935 479 2018 gitatae.
524 1929 627 1994 Postea
643 1949 713 1991 vero
727 1929 851 2005 fastum,
874 1947 910 1992 ut
923 1929 1001 1993 ludis
1011 1933 1148 2014 publicis,
1170 1937 1243 1996 etin
1259 1931 1401 1997 Theatro
1420 1947 1495 2010 age·

357 2035 461 2085 rentur
476 2021 580 2080 Norae
594 2017 772 2078 Comoediae
781 2015 859 2098 apud
871 2019 1033 2084 Romanos.

403 2103 498 2167 Ludos
511 2103 655 2166 vocabant
670 2102 791 2185 publica
805 2100 986 2184 spectacula,
1005 2125 1083 2186 quae
1103 2122 1167 2171 tum
1178 2106 1215 2167 in'
1233 2104 1359 2188 gratiam
1379 2099 1493 2183 populi

362 2190 427 2254 fieri
442 2188 567 2252 solerent
581 2211 597 2252 a
613 2186 725 2266 senatu,
748 2201 779 2252 et
792 2203 808 2251 ιι
822 2191 1012 2272 Principibus
1024 2192 1161 2267 inslituti,
1176 2192 1222 2254 vel
1233 2192 1269 2272 ad
1284 2189 1421 2252 savorem
1435 2207 1488 2268 po·

356 2278 423 2360 puli
436 2277 652 2341 conciliandum
667 2275 715 2357 (ut
730 2277 889 2339 nonnullos
903 2274 1038 2344 Caesares
1046 2279 1144 2344 secisse
1152 2280 1292 2361 legimus)
1307 2277 1354 2339 rel
1372 2275 1415 2338 ad
1427 2274 1493 2336 ani·

357 2383 477 2428 motum
491 2365 702 2428 relaxationem
715 2377 746 2426 et
759 2363 998 2428 obleslationem.
1040 2369 1141 2430 Multo
1151 2370 1249 2449 magis
1262 2366 1299 2426 ad
1311 2362 1491 2444 religionem

261 2433 269 2452 ⁸
357 2451 482 2602 instistuti
494 2447 668 2601 {untLudh
713 2450 799 2514 Nam
813 2452 880 2514 Diis
893 2453 959 2534 post
972 2451 1114 2518 sacrificia
1126 2455 1216 2518 etiam
1229 2451 1336 2516 Ludos
1349 2449 1491 2533 publicos
1541 2518 1542 2553 ,

357 2558 414 2603 con
427 2559 493 2602 ecra
515 2552 578 2600 ant.
1541 2564 1543 2603 r

405 2623 484 2686 Ludi
502 2625 604 2706 igitur,
627 2635 657 2686 et
673 2621 813 2701 ludicra,
839 2625 1018 2707 quaeetiam
1034 2625 1359 2690 Certaminavocarunt
1371 2621 1490 2698 Latini,

357 2711 466 2772 Graeci
479 2706 600 2790 Agonas,
624 2713 783 2774 multorum
793 2731 935 2796 generum
948 2710 1071 2777 suerunt
1086 2739 1095 2775 z
1109 2734 1206 2796 neque
1215 2733 1286 2776 vero
1298 2729 1360 2785 uno
1369 2726 1493 2772 tantum
1540 2670 1542 2781 l

359 2793 528 2877 spesiaculo
541 2798 571 2856 in
584 2797 711 2876 publicis
720 2797 800 2861 ludis
811 2799 1003 2862 detinebatur
1016 2801 1157 2883 populns.
1189 2805 1284 2864 Erant
1293 2813 1395 2860 autem
1408 2796 1491 2864 Ludi

362 2881 495 2966 Gymnias
506 2896 536 2944 et
556 2877 719 2945 Athletr'cs:
742 2881 824 2946 Ludi
843 2883 1009 2970 Circenses:
1033 2885 1113 2949 Ludi
1128 2884 1333 2950 Gladiatoris:
1353 2900 1385 2946 et
1408 2880 1492 2948 Ludi
1539 2900 1541 2961 2

327 2979 331 2985 “
360 2967 482 3043 Scensci,
505 2968 543 3030 de
565 2969 675 3050 quihus
691 2988 770 3031 nunc
786 2967 953 3053 singulatim
966 2967 1009 3032 est
1031 2974 1134 3053 paucis
1148 2972 1358 3045 disserendum,
1377 2970 1491 3051 partim

359 3073 400 3122 ex
425 3057 557 3128 Budaeo,
581 3055 696 3118 nostrae
710 3054 827 3120 Galliae
839 3057 962 3133 lumine,
984 3062 1091 3140 partim
1105 3081 1145 3123 ex
1160 3048 1312 3137 Vitruvio,
1336 3057 1488 3132 Luciano,

359 3154 391 3202 et
403 3139 464 3220 aliis
475 3141 604 3222 antiquis
615 3141 796 3206 rudioribus.
1144 3152 1147 3161 '
1208 3186 1212 3191 ·

352 3233 356 3240 '
406 3223 538 3306 Gymnici
550 3239 579 3290 et
587 3224 723 3290 Athletici
739 3229 803 3292 ludi
818 3228 850 3291 in
865 3228 1018 3294 Palaestris
1033 3251 1068 3295 ac
1079 3230 1250 3315 Gymnafiis
1270 3229 1385 3295 fiebant
1406 3226 1491 3310 apud

362 3311 503 3392 Graecos,
526 3331 601 3392 quae
615 3315 680 3376 loca
694 3313 817 3378 suerunt
830 3317 1000 3380 exercendis
1013 3335 1044 3380 et
1061 3319 1197 3402 corporis
1214 3334 1247 3381 et
1259 3315 1352 3383 animi
1373 3317 1492 3379 viribus

361 3399 597 3469 accommodata.
638 3403 715 3466 Nam
736 3398 833 3465 etiam'
850 3405 880 3465 in
897 3405 932 3464 iis
946 3404 1097 3468 Palaestris
1110 3423 1164 3470 aut
1175 3405 1350 3486 Gymnafiis
1361 3403 1491 3466 exedrae
1536 3430 1537 3463 r

361 3481 495 3560 suerunt,
519 3485 549 3546 in
575 3485 686 3567 quibus
714 3485 890 3570 Philosophi
904 3493 1010 3553 Graeci
1033 3490 1165 3556 sedentes
1178 3491 1383 3575 disputabant.
1434 3489 1491 3553 Sed
1536 3494 1537 3497 ’

363 3585 394 3631 et
406 3569 740 3654 Palaestraeappellatio
752 3593 871 3644 omnem
887 3576 1063 3641 Athleticam
1077 3595 1172 3642 artem
1194 3596 1225 3643 et
1243 3573 1491 3643 exercitationem
1535 3594 1536 3629 1

362 3656 582 3738 complestitur,
598 3655 841 3742 decentiamque:
855 3681 916 3743 qua
934 3661 1037 3738 slatus,
1050 3683 1164 3744 motus,
1175 3663 1491 3748 flexusquccorporis,
1535 3662 1536 3675 ¹

363 3754 456 3823 atque
486 3761 590 3803 omnes
617 3747 741 3808 omnino
770 3747 888 3810 habitus
914 3750 1096 3814 venustatem
1116 3747 1269 3837 *quandam
1296 3754 1489 3832 leporemque
1534 3760 1535 3781 l

363 3826 624 3910 praeseferunt:
647 3849 736 3912 quam
765 3835 818 3916 qui
842 3853 902 3896 non
930 3836 1107 3914 didicerant,
1137 3842 1160 3902 ii
1173 3838 1335 3924 :spalaestoi
1346 3837 1389 3900 ab
1414 3834 1488 3900 anti·

363 3913 432 3996 quis
454 3911 526 3976 disti
547 3909 625 3976 sunt.
670 3921 743 3980 Eam
759 3939 831 4002 vero
850 3935 942 3984 artem
955 3926 1007 4004 qui
1030 3925 1219 4002 exercebant,
1242 3942 1297 3990 aut
1320 3923 1427 4008 quiin
1443 3940 1486 4004 pa
1533 3940 1534 4005 ι

360 3996 466 4061 laesira
480 4001 700 4078 exercebantur,
722 4003 768 4066 rel
780 4001 968 4070 decertabant
978 4007 1128 4091 praemiis,
1144 4011 1343 4098 Palaestrita
1360 4010 1407 4073 rel
1422 4007 1485 4070 Pa·
1533 4012 1535 4033 ¹

350 4082 488 4165 'laestricr'
511 4083 583 4147 dicti
602 4081 691 4149 sunta
721 4089 887 4173 Gymnicos
900 4097 1008 4158 Graeci
1021 4099 1111 4162 etiam
1125 4115 1283 4173 vocarunt,
1306 4098 1396 4180 quod
1416 4091 1486 4158 nudi
1532 4074 1533 4163 l

365 4167 502 4259 Athletae
523 4189 739 4250 exercerentur.
797 4182 954 4242 Caeterum
980 4184 1015 4246 in·
1034 4184 1177 4267 palaestra
1203 4181 1353 4268 Gymnasti
1379 4179 1492 4264 (inquit
1531 4168 1534 4213 ἶ

363 4250 498 4337 Plautus)
513 4256 612 4336 cursus
633 4259 785 4350 lullwdm,
804 4261 896 4344 hasta,
915 4263 1008 4350 disco,
1030 4273 1181 4359 pugilatu,
1202 4271 1341 4340 saliendo
1364 4267 1395 4336 se
1407 4286 1491 4418 spaeru-

485 4403 489 4412 ·
943 4417 950 4428 ,
1387 4375 1424 4422 ce
1480 4365 1491 4412 t
