3250 5259
221 484 227 496 ·
295 487 976 594 nausiaronumzcottokra,
1024 497 1131 572 ue..

133 693 319 766 occidentali
334 692 498 756 Britanniae
524 707 608 775 parte
621 693 652 754 in
666 692 846 756 orientalem
874 695 1111 778 Septemtrionali
1127 693 1267 778 uectigali·
1326 712 1331 718 ·

134 808 194 851 one
222 780 307 848 fuille
332 777 499 863 pervectos,
532 778 652 843 clalsem
676 780 764 854 misrt,
798 802 880 862 quae,
914 783 985 846 Tuo
1010 778 1154 852 aestuario,
1188 801 1268 845 nunc

135 868 229 938 Firth
242 864 354 958 ofTay,
377 863 522 949 profetia,
543 867 631 929 litora
647 869 696 930 illa
711 868 755 928 ab¹
767 871 887 932 Oriente
907 871 937 932 in
951 872 1143 932 Occidentem
1158 871 1271 952 relege·
1289 878 1291 888 '

134 977 193 1028 ret,
216 961 245 1020 dr
261 952 478 1037 diligentiffime
492 953 672 1035 exploraret,
685 956 758 1029 ,Dio
771 954 828 1018 loc.
844 958 894 1018 cit.
940 961 1031 1020 Tunc
1048 953 1175 1039 primirm
1197 955 1271 1030 hanc

134 1067 218 1110 oram
236 1039 376 1128 noviffuni
397 1040 488 1103 maris
503 1038 637 1102 Romana
656 1039 742 1126 claffis
757 1040 949 1106 circumvalla
963 1044 1010 1127 est,
1034 1041 1204 1126 insulamque
1221 1041 1270 1126 effe

138 1129 338 1195 Britanniam
355 1126 547 1210 affirmavit:
570 1142 641 1189 tunc
657 1130 799 1200 Orcades,
823 1129 860 1190 les
875 1128 935 1214 isles
950 1129 1103 1210 d'Orkuey,
1126 1126 1269 1194 haetenus

135 1211 218 1280 lami
246 1212 517 1296 tantitmvulgatae,
539 1209 636 1291 fuere,
656 1216 820 1298 ereutigato
836 1218 1064 1297 septemtrione,
1094 1218 1224 1298 cognitae
1240 1217 1271 1278 dt
1375 1260 1380 1274 .

138 1306 285 1368 domitaet
310 1317 382 1363 tunc
395 1300 516 1388 dispelle
529 1299 568 1380 ost
579 1299 687 1376 ¹Thule,
699 1303 753 1370 ,les
767 1302 833 1364 isses
845 1303 881 1364 de
897 1303 1069 1382 Schetland,
1091 1325 1161 1384 quar
1172 1299 1271 1364 haue·

137 1413 193 1454 nus
208 1387 261 1451 nix
272 1387 306 1449 δί
322 1385 410 1450 hiems
421 1387 550 1458 abdebat,
575 1407 609 1448 ut
630 1387 745 1450 dilium
761 1386 803 1450 est
823 1410 887 1470 cap.
909 1408 956 1454 10.
1001 1393 1080 1452 Hinc
1095 1387 1165 1450 verb
1181 1389 1270 1450 intel-

137 1480 216 1562 ligas
244 1494 304 1538 non
327 1474 366 1536 ad
391 1475 470 1536 hunc
495 1473 631 1549 Thulen,
653 1471 701 1538 sed
722 1475 760 1537 ad
781 1475 872 1557 ipsam
898 1479 1079 1538 Britanniam
1118 1474 1271 1538 referenda
1320 1548 1330 1562 ·

139 1555 211 1644 elle,
235 1583 308 1647 quae
322 1561 411 1624 habet
422 1562 546 1639 Statius,
586 1561 724 1626 adulator
740 1565 842 1647 magis,
857 1562 948 1646 quim
966 1580 1062 1646 poeta,
1084 1563 1274 1626 insiluerunt

138 1654 212 1716 libr.
249 1652 288 1711 V.
313 1649 489 1732 Protreptic.
519 1647 556 1709 ad
583 1647 764 1733 Crispinum,
796 1652 913 1728 Bolani,
941 1653 1100 1713 Britanniae
1127 1646 1272 1734 praestdis,

141 1741 242 1804 fluum
252 1740 295 1814 Hs
316 1753 370 1817 542

395 1955 398 1966 .
441 1905 488 1968 ‘Tu
515 1904 585 1997 disce
608 1921 734 1992 patrem,
771 1907 944 1997 quantusque
968 1908 1133 1990 nigrantem

228 1993 376 2061 Fluctibus
403 1991 535 2067 occiduis,
563 1993 700 2081 feſjoque'
713 1993 875 2078 bljrperione
891 1993 1005 2058 Thulen

240 2081 372 2144 lutrarit
398 2078 536 2145 ,mandata
559 2102 671 2161 gerens.

184 2252 312 2329 verum,
335 2266 494 2334 antequam
510 2253 549 2315 de
571 2255 807 2337 Septemtrionali
834 2253 1023 2338 navigatione
1044 2253 1162 2317 dicendi
1173 2254 1275 2318 'finem
1361 2259 1365 2270 ’

144 2343 267 2416 naam,
290 2343 417 2406 alterum
443 2338 592 2419 proferam
613 2345 797 2424 exemplum,
820 2341 916 2423 qnod,
939 2344 1052 2404 utinam
1068 2339 1160 2404 fustis
1179 2340 1277 2404 luillet

147 2448 313 2504 narratum,
350 2446 493 2509 magnum
521 2443 638 2490 naturae
665 2451 804 2493 arcanum
833 2426 981 2491 reseraret.
1038 2427 1171 2516 Auiiore
1196 2431 1277 2492 euim

147 2520 260 2597 Plinio,
287 2521 328 2592 ll,
346 2513 400 2600 67,
418 2513 577 2582 ,Cornelius
605 2512 700 2600 Nepos
723 2518 757 2579 de
773 2515 1005 2599 Septentriouali
1025 2513 1149 2577 circuitu
1171 2515 1276 2592 tradit,

149 2603 268 2692 Quinto
293 2599 412 2664 Metello
440 2598 544 2675 Celeri,
569 2599 608 2666 L.
634 2600 757 2689 Afranii
779 2602 810 2664 iu
836 2597 977 2686 consulatu
992 2599 1115 2682 collega,
1134 2598 1279 2679 (consules

148 2693 235 2756 luere
260 2709 338 2754 anno
353 2687 445 2750 Urbis
472 2691 603 2750 conditae
628 2709 768 2764 uexere,
789 2705 856 2750 ante
884 2687 1030 2752 Christum
1057 2693 1113 2767 bo)
1138 2688 1278 2774 sedtum

153 2776 265 2842 Gallia
280 2771 447 2860 procorffuli,
471 2771 553 2846 Indos
579 2799 599 2839 a
618 2797 683 2857 rege
696 2775 857 2838 Suanorum
870 2772 938 2836 dono
957 2776 1045 2848 dator,
1070 2775 1119 2857 qui
1138 2800 1172 2839 ex
1190 2773 1277 2838 Indici
1307 2781 1310 2787 '

152 2861 312 2927 commercii
335 2858 419 2946 caecsd
442 2859 624 2941 navigantes,
647 2860 852 2947 tempestatibus
869 2857 951 2944 effent
973 2863 1003 2925 in
1020 2860 1208 2925 Germaniam
1222 2863 1276 2922 ab·

149 2948 250 3035 nepti,¹
280 2953 329 3011 Sic
343 2965 409 3009 aute
423 2948 528 3032 viginti
542 2967 643 3023 annos,
667 2947 735 3012 cium
754 2947 922 3010 Ellltbetha
949 2947 1096 3033 Augusta,
1119 2949 1284 3030 imperium·

150 3035 307 3116 Rullicum
330 3051 453 3117 regeret,
473 3034 666 3116 Japonenles,
687 3038 862 3100 commercii
877 3037 967 3098 causti
991 3036 1173 3118 navigantes,
1198 3048 1277 3098 tern-

151 3122 317 3208 pellatibus
336 3123 463 3205 abrepti,
485 3123 522 3184 ad
538 3144 620 3187 oratu
640 3125 757 3207 imperii
772 3121 894 3194 Ruffici,
917 3119 942 3184 le
957 3121 1161 3198 Kamtchatka,
1183 3141 1279 3204 appu·

150 3214 225 3287 lere,
247 3211 326 3274 unde
340 3209 530 3291 Petropolim,
554 3207 863 3291 Peterslourg,mils1,
887 3209 926 3270 ab
948 3206 1115 3273 Elisabethai
1138 3211 1277 3272 bomani·
1353 3213 1355 3220 '

153 3318 215 3364 tate
229 3292 358 3361 maximi
375 3296 534 3379 excepti&
550 3290 643 3358 habiti
657 3295 733 3359 sunt.
777 3298 820 3358 At
834 3296 912 3371 lndi,
934 3295 1068 3381 longiore
1087 3316 1195 3372 errore,
1220 3311 1279 3360 oon

152 3388 250 3451 modo
270 3381 449 3467 Japonenles
475 3380 591 3457 insulas,
612 3382 639 3446 le
662 3381 773 3472 Japom
804 3403 949 3466 oramque
977 3385 1092 3466 imperii
1112 3385 1232 3458 Ruiltci,
1254 3383 1285 3450 le.

154 3471 361 3548 Kanttchatka,
381 3469 430 3534 led
446 3470 476 3532 ἃ
489 3470 652 3534 Orientales
667 3491 702 3532 ac
716 3473 974 3554 septemtrionales
998 3473 1119 3534 Siberiae
1133 3469 1163 3532 bc
1178 3474 1279 3552 Lapo·

153 3563 213 3635 niae
227 3579 303 3634 oras,
324 3558 355 3620 la
367 3557 487 3634 tiberio,
508 3557 534 3619 le
542 3571 613 3641 pays
620 3558 667 3618 des
682 3553 849 3632 Sarnoiedes,
884 3551 913 3619 la
928 3557 1065 3641 Laponie,
1087 3559 1279 3621 circumvecti

155 3649 195 3713 ad
211 3649 375 3720 Oceanum,
398 3665 538 3726 mareque
554 3646 725 3717 Suericum,
748 3643 853 3706 lamer
874 3641 1026 3726 Baltique,
1054 3645 1179 3718 llexete;
1202 3647 1295 3714 unde,¹

154 3757 259 3818 arege
287 3737 452 3796 Suevotum
473 3733 576 3806 babiti,
597 3732 679 3796 dono
694 3731 755 3792 dati
785 3729 852 3791 lunt
878 3731 997 3812 Qrinto
1023 3733 1147 3795 Metello
1170 3733 1277 3807 Celeri,

155 3823 268 3884 Galltae
281 3817 458 3903 proconsuli.
503 3820 552 3882 Sic
563 3815 646 3881 caius
655 3816 737 3890 fecit,
751 3817 862 3899 quoda
874 3820 989 3880 Batavis
1004 3818 1158 3903 Ruffilque
1172 3819 1279 3904 magnei

156 3927 231 3979 cum
247 3908 337 3970 laude
351 3922 510 3982 tentatum,
533 3905 668 3968 nondum
689 3921 789 3966 tameo
804 3903 966 3983 praeliitum
980 3903 1030 3968 ell.
1075 3909 1169 3992 Tales
1180 3920 1280 3972 autem

158 3993 245 4059 casus
258 4015 338 4058 nunc
361 3993 493 4059 tntillimi
514 3993 555 4056 ob
580 3995 707 4056 nauticae
729 3993 778 4054 rei·
791 3989 951 4070 scientiam,
973 4009 1104 4056 mutatos
1128 4015 1281 4058 armorum
1310 4017 1317 4024 ·

159 4081 242 4158 ulus,
263 4081 294 4144 bc
312 4081 444 4164 politicas
458 4083 650 4163 imperiorum
663 4082 751 4164 leges.
794 4080 889 4156 Olim,
903 4079 1124 4144 audentioribus
1138 4081 1282 4160 barbaris,
1356 4117 1365 4130 x

158 4170 334 4252 frequentes
355 4184 446 4242 erant,
469 4166 500 4229 bt
521 4185 703 4240 eventorum,
733 4185 801 4249 quae
822 4165 912 4228 hodie
930 4167 1111 4230 incredibilia
1133 4169 1282 4246 videntur,

159 4259 283 4323 feraces.
326 4260 415 4334 Juvat
439 4275 512 4339 ergo
526 4253 697 4336 Ustpiotum
722 4254 893 4335 exemplum
919 4256 1077 4318 recentiore
1094 4253 1283 4338 felicior'eque

161 4347 344 4424 Francorum
357 4343 494 4428 exemplo
508 4341 688 4406 confirmate.
733 4341 812 4405 lllud
828 4341 917 4407 habet
932 4345 1093 4410 Eumenius
1108 4347 1138 4406 in
1151 4347 1283 4428 Panegy-
1335 4336 1345 4421 f

1224 4435 1286 4497 rico
