3250 5259
502 424 1315 528 to.,nvo.a1t1tass1›axcrasvsrt.
1362 485 1366 490 .
1424 433 1428 440 ·

347 631 464 700 Tiberii
479 631 665 714 appellantur
687 627 780 719 Jalii.
828 629 1001 708 Enimvero,
1026 649 1064 692 ao
1086 645 1221 716 poterant
1246 631 1289 698 fic
1307 630 1472 718 appellari,
1544 678 1545 709 1

345 719 400 786 nist
417 737 556 804 patronus
569 719 609 780 ita
624 719 821 804 appellaretur
834 715 920 800 pleno
934 717 1073 780 nomine?

390 811 464 890 Cap.
480 809 520 868 ll.
541 802 722 888 Vespasiano
743 803 921 890 permittitur
949 802 1048 892 primo!
1070 802 1232 867 relationem
1238 805 1347 894 sedere
1366 820 1395 870 et
1420 830 1474 868 re·

349 893 483 960 mittere:
516 892 597 975 quod
618 894 663 956 ius
678 912 716 954 ex
736 889 767 954 h.
781 889 814 972 .¹·
846 889 949 952 laudat
968 887 1097 954 Zamosc.
1124 890 1162 952 de
1182 895 1283 957 Senot.
1303 896 1343 954 R.
1359 896 1414 968 -11,
1436 894 1471 956 6.

346 996 423 1044 extr.
442 979 650 1062 nonexplicat.
666 977 700 1040 ld
715 979 830 1042 videtur
850 975 925 1050 fieri,
949 997 1020 1041 cum
1042 977 1138 1056 iubet,
1156 999 1173 1038 a
1188 978 1370 1042 Consulibus
1390 981 1476 1042 rela-

348 1061 555 1132 tioneuasierir
588 1084 656 1128 nam
672 1065 729 1128 hoc
744 1083 866 1146 quoque
880 1063 951 1126 iuris
976 1069 1073 1148 impp.
1092 1063 1232 1130 habuere.
1280 1066 1393 1128 Plinius
1408 1069 1474 1147 Ep.

349 1155 406 1229 IX,
426 1173 473 1236 13.
490 1169 519 1216 et
534 1149 695 1214 relationem
704 1149 813 1232 quidem
827 1150 860 1212 de
881 1172 910 1211 eo
926 1145 1030 1236 Caesrer
1052 1150 1094 1228 ed
1120 1147 1259 1214 Senatum
1278 1175 1332 1214 nore
1350 1151 1475 1235 immiste,

347 1239 379 1306 h·
394 1261 420 1302 e·
437 1261 494 1302 uon
513 1239 600 1314 iuffir,
624 1235 723 1300 referri
737 1237 775 1300 de
789 1257 823 1298 ea
838 1256 868 1296 re
889 1235 925 1297 ud
940 1233 1082 1310 senatum,
1107 1250 1142 1296 ut
1155 1238 1379 1322 beueexplicat
1392 1241 1477 1300 Cor-

350 1327 420 1392 tius.
465 1325 579 1390 Deinde
601 1322 780 1408 permittitur
808 1317 990 1403 Vespafiano
1013 1319 1094 1385 Sota
1104 1323 1209 1410 starem
1228 1339 1285 1408 per
1305 1321 1476 1386 relationem

346 1409 581 1499 disceffionemque.
630 1407 678 1472 Ex
699 1410 839 1472 relatione
852 1407 928 1472 fiunt
947 1409 1045 1473 omnia
1067 1411 1155 1486 SCta,
1177 1409 1222 1472 vel
1239 1407 1389 1472 sententiis
1420 1431 1477 1472 ro·

337 1499 463 1584 'gandia
479 1499 523 1560 vel
539 1517 590 1579 per
605 1493 812 1562 discelsronetn·
856 1500 933 1560 Nam
955 1495 985 1558 in
1002 1492 1180 1580 quibusdam
1204 1495 1307 1560 caudis
1321 1493 1476 1560 disceffio·

348 1604 416 1648 nem
432 1604 490 1647 non
503 1579 621 1657 fastam,
636 1579 683 1646 sed
697 1603 799 1668 ornnes
813 1579 985 1647 senteutiam
999 1597 1129 1666 rogatos,
1138 1599 1236 1646 certus
1249 1584 1352 1646 auctor
1362 1573 1478 1647 Cicero

349 1665 428 1740 Phil.
453 1665 507 1746 tlt,
524 1691 555 1754 9.
569 1671 659 1752 idque
678 1667 781 1734 frustra
796 1672 916 1750 negavit
931 1669 1049 1746 Ateius,
1067 1689 1115 1750 ap.
1130 1669 1207 1756 Gall.
1224 1667 1314 1746 XIV,
1331 1685 1366 1756 7.
1412 1670 1476 1732 Sed

350 1759 427 1826 ratio
440 1755 566 1820 saciendi
591 1757 663 1820 SCtl
685 1755 857 1839 conquisitis
870 1756 1023 1829 sententiis,
1048 1755 1157 1820 dicitur
1174 1754 1264 1820 etiam
1274 1770 1330 1840 per
1349 1754 1476 1818 relatio-

347 1866 418 1919 nem,
437 1858 470 1906 ut
485 1859 596 1928 praeter
611 1843 641 1905 h.
654 1843 674 1904 l.
692 1859 770 1924 patet
784 1864 800 1906 e
814 1842 917 1906 Gellio
929 1841 950 1906 l.
969 1863 997 1906 c.
1008 1855 1084 1906 extr.
1144 1843 1252 1906 Caussa
1275 1842 1394 1906 videtur
1417 1842 1477 1905 elie

348 1931 442 2004 haec3
465 1929 548 2014 quod
563 1931 593 1990 in
605 1929 661 1991 hoc
681 1951 785 2014 genere
797 1928 908 1994 Consul
926 1929 1000 1992 nihil
1014 1927 1095 1992 aliud
1111 1948 1202 2012 quam
1218 1927 1307 1993 resert
1320 1930 1359 1992 ad
1378 1933 1474 2008 Sena·

349 2031 425 2100 tum,
453 2017 483 2078 in
506 2016 559 2079 illo
584 2016 676 2078 altero
699 2015 787 2080 etiam
811 2015 895 2078 iubet
923 2015 1069 2080 discedere
1089 2016 1120 2076 in
1143 2031 1250 2098 partes.
1309 2020 1376 2079 Hoc
1401 2016 1478 2078 loco

285 2131 289 2138 ·
348 2103 464 2186 quaerit
472 2100 595 2186 Spanius
611 2103 650 2166 V.
666 2105 706 2166 D.
721 2122 758 2164 an
775 2098 879 2164 Caesar
894 2123 955 2164 non
977 2097 1089 2165 Consul
1110 2103 1284 2166 relationem
1299 2104 1470 2167 babuerit?

347 2187 464 2254 Habuit
480 2187 591 2269 utique,
605 2208 657 2270 per
676 2189 856 2252 tribunitiam
870 2185 1052 2270 potestatem.

361 2275 366 2350 ζ
389 2275 464 2358 Cap.
486 2272 524 2335 V.
540 2273 755 2360 daturprtestas
764 2275 929 2360 proferendi
945 2273 1077 2358 pomerii,
1100 2275 1148 2337 ati
1159 2273 1262 2339 habuit
1278 2274 1351 2361 Imp.
1380 2272 1473 2337 Clau·

345 2351 423 2426 diter.
477 2363 540 2424 Cur
568 2381 630 2424 uon
653 2362 785 2441 additur,
821 2377 856 2422 ut
880 2362 910 2424 iu
932 2361 1006 2435 aliis,
1049 2357 1095 2422 reti
1113 2359 1217 2424 babuit
1239 2361 1285 2424 D.
1302 2358 1471 2442 'degressum

345 2447 430 2512 Nam
440 2461 470 2510 et
485 2447 563 2512 hunc
574 2449 737 2530 pomerium
751 2446 913 2531 protulisse,
935 2443 1041 2510 diserte
1056 2448 1147 2508 tradit
1168 2449 1297 2512 Tacitus
1322 2453 1364 2511 Α.
1394 2449 1471 2521 Xll,
1544 2492 1545 2535 3

344 2551 407 2682 id}
420 2537 589 2694 {linit
602 2533 831 2706 illiniti
845 2529 1474 2709 tistti‘tttllfptlttltslltt

345 2721 381 2786 ac
391 2701 512 2768 feliciter
523 2707 666 2788 gerendis.

361 2791 455 2874 'Cap
474 2789 557 2854 Vlll.
581 2812 640 2855 non
661 2793 812 2856 advirum
829 2791 982 2858 resecanda
1002 2791 1068 2854 sunt
1089 2791 1178 2855 verba
1202 2791 1278 2876 aest
1289 2791 1391 2878 populi
1407 2792 1472 2876 ple·
1543 2788 1544 2791 ’

343 2869 419 2962 bisve
441 2875 513 2960 inffir
532 2883 598 2940 ae‘la
612 2876 710 2962 efflat:
747 2900 802 2942 nec
817 2881 855 2943 stc
876 2879 1075 2962 intelligenda,
1100 2878 1181 2961 quast
1198 2894 1263 2941 tum
1276 2879 1393 2962 aliquid
1409 2900 1472 2962 po·
1543 2904 1544 2949 ς

345 2961 408 3044 puli
437 2960 563 3046 plebisve
586 2963 663 3026 iussn
688 2965 751 3028 fieri
773 2965 892 3030 solitum
919 2964 1002 3039 esset,
1022 2985 1151 3048 quorum
1174 2965 1252 3028 illud
1274 2966 1313 3030 de
1337 2965 1471 3030 comitiis
1543 2960 1544 3001 ³

342 3052 520 3126 centuriatis,
534 3049 591 3113 boc
603 3051 640 3113 de
653 3052 770 3114 tributis
784 3053 914 3128 dicitur3
936 3072 1006 3114 cum
1018 3054 1118 3114 omnia
1137 3071 1191 3135 per
1203 3051 1348 3127 senatum,
1361 3051 1468 3115 secun·
1543 3066 1545 3149 p

343 3133 416 3196 dum
447 3137 617 3219 principem,
645 3153 835 3220 gererentura
867 3138 916 3201 sed
940 3154 975 3201 ut
1002 3137 1082 3199 dista
1111 3159 1131 3200 e
1154 3159 1239 3201 more
1263 3157 1380 3204 vetere:
1400 3159 1468 3220 quo
1499 3134 1505 3154 '

342 3217 435 3366 sirppps
450 3239 541 3298 erant,
571 3243 647 3306 quae
675 3225 804 3308 populus
828 3221 945 3310 plebsve
971 3223 1097 3286 comitiis
1119 3226 1292 3292 centuriatis
1312 3223 1468 3290 tributisve

341 3319 372 3367 ttt
428 3321 467 3368 et.
1306 3315 1310 3323 ’

382 3388 530 3454 Vltimum
547 3411 636 3478 eaput
650 3395 738 3460 habet
757 3395 834 3460 hane
845 3393 1085 3478 inscriptionem:
1110 3395 1236 3462 Samio.
1277 3398 1369 3460 Enim
1392 3415 1467 3460 vero

341 3493 432 3558 caput
459 3479 530 3562 legis
560 3485 656 3560 potius
682 3484 809 3558 ridetur,
834 3503 927 3566 quam
949 3479 1061 3544 sanato
1086 3481 1172 3566 legis.
1215 3484 1303 3547 Nam
1322 3487 1355 3546 iu
1376 3481 1466 3548 sanc·

346 3565 428 3626 tione
442 3564 482 3625 est
495 3565 664 3630 constitutio
680 3587 798 3650 poenae,
814 3569 970 3643 autaliud,
984 3583 1047 3650 quo
1059 3565 1110 3632 lex
1130 3567 1297 3633 stabilitur:
1318 3572 1403 3652 q'uod
1416 3562 1466 3634 hit:
1542 3632 1543 3639 ,

341 3647 475 3711 nonest:
525 3649 573 3714 sed
597 3654 695 3736 potius
723 3655 862 3718 tribuitur
895 3651 1072 3738 Vespasiano
1095 3656 1223 3736 potestas
1247 3656 1324 3718 alios
1346 3657 1464 3740 legibus
1542 3690 1543 3713 1

339 3731 477 3809 solvendi,
507 3753 540 3796 ur
560 3737 663 3818 poffint
683 3743 747 3802 eius
765 3741 843 3805 iussu
864 3743 987 3826 impune
1009 3738 1117 3818 saorra,
1139 3763 1220 3826 quae
1240 3743 1292 3805 alii
1316 3746 1464 3828 perleget

337 3817 433 3882 iacere
450 3841 509 3882 non
524 3824 650 3904 poliunt.

377 3907 517 3968 Ceterum
551 3912 690 3990 quoniam
723 3909 781 3973 hoc
807 3907 1013 3994 'fragmentum
1047 3927 1173 3994 putatur
1193 3911 1251 3978 effe
1283 3915 1358 3998 regis
1386 3917 1460 3991 eius,

266 4023 271 4032 ·
337 4005 415 4140 quap
441 3991 636 4142 alugppiano
663 3993 759 4076 Regia
781 4012 915 4075 vocatur,
935 4017 993 4063 uec
1018 3999 1116 4066 melea
1151 4000 1192 4063 de
1211 4001 1397 4071 enormiter
1417 4005 1461 4068 di·
1541 3998 1542 4067 l

336 4091 388 4137 ceu
413 4097 464 4140 um
483 4080 512 4144 vi
562 4101 606 4142 ur.
1541 4098 1542 4115 *
