3250 5259
315 521 324 528 ,
416 506 419 510 a
439 433 511 513 DE
534 433 640 515 Duo
666 428 926 560 SERdtP'lDFa

129 636 283 703 mendaciis
297 633 438 722 pretium,
460 635 541 699 nulla
561 634 710 718 Serapidis
725 635 840 720 religio,
863 637 1044 721 reperiantur
1069 651 1169 706 tamea
1194 640 1249 724 qui

130 725 189 789 hac
208 723 353 788 miracula
366 736 517 788 tueantur.
559 727 601 787 At
615 724 679 787 hac
690 725 735 790 est
758 722 929 788 fabularum
943 743 1060 802 natura,
1082 741 1118 793 ut
1136 726 1183 790 vel
1197 727 1246 810 sud

130 811 365 885 renitatemuitis
376 811 520 894 placeant.
802 855 807 866 .
893 841 898 846 ·
1131 831 1134 838 ·

389 984 509 1072 Brntier
523 1003 562 1069 ad
574 961 640 1092 cap.
657 1023 786 1071 Lxxxx.
807 1004 860 1071 lib.
876 963 939 1071 'ru
964 1006 1041 1075 Hist.
1066 1009 1167 1074 Tacit.

316 1616 322 1623 ’
452 1652 523 1730 uu
546 1657 655 1732 uuo
681 1601 944 1736 serenetur.

187 1927 1294 2021 naneteapudAEgypttosdeusmaximaepturespraectpuosquere-'
1393 1971 1399 1986 ι
1466 1977 1471 1994 .

97 2076 101 2082 .
207 2015 323 2080 ferebat
337 2016 419 2081 deos.
451 2017 535 2081 ‘Inde
549 2017 579 2081 in
595 2016 691 2081 aversai
706 2033 785 2100 parte
798 2019 1075 2088 nummi'Antonini
1091 2026 1145 2097 Pii,
1168 2025 1259 2108 quern

136 2106 304 2185 publicarit
331 2103 464 2166 eruditus
484 2103 627 2181 'Oiselius,
653 2103 815 2190 Thesaurus
841 2102 1009 2170 delitiarum
1034 2107 1260 2200 Numismatunt,

134 2191 213 2261 Tab.
229 2191 350 2253 XLIII.
362 2211 442 2254 num.
461 2211 489 2257 1.
506 2191 606 2255 videre
626 2189 668 2256 est
683 2193 830 2274 Serapidis
844 2209 933 2274 caput
947 2195 1117 2272 barbatum,
1144 2209 1262 2259 cornu-

134 2294 206 2354 tum,
218 2272 380 2354 radiatum,
395 2299 464 2342 cum
478 2280 581 2342 modio
595 2281 625 2342 in
639 2281 763 2342 uertice:
786 2277 866 2340 adest
880 2279 910 2340 de
925 2281 1045 2356 tridens,
1075 2284 1122 2346 cui
1146 2279 1263 2364 serpens

132 2365 393 2429 circumvolvitur.
435 2368 557 2448 Quibus
571 2365 739 2449 infignibus
763 2380 844 2448 patet
868 2364 1038 2448 Serapidem
1063 2371 1117 2432 effe
1140 2373 1260 2448 Joveru,

134 2452 248 2527 sptem,
270 2448 389 2524 osirin,
405 2455 578 2536 Neptunum
589 2453 620 2514 dt
636 2451 850 2535 AEscuiapiutu.
879 2452 956 2515 Vide
970 2473 1040 2537 quae
1054 2456 1092 2518 ad
1106 2455 1137 2518 id
1151 2448 1273 2518 confir-¹

134 2541 283 2605 nandum
310 2539 451 2622 congeffit
469 2539 604 2618 Oiseiius,
628 2541 688 2602 loc.
711 2540 764 2602 cit.
791 2557 860 2622 pag.
876 2538 948 2603 218.
993 2541 1036 2602 At
1048 2557 1183 2606 naturam
1198 2543 1263 2607 cut·

133 2642 265 2709 tumque
287 2629 437 2710 Serapidis
457 2647 552 2689 nemo
573 2622 740 2690 accuratius
759 2625 907 2708 expreiiit,
923 2621 1017 2712 quim
1031 2629 1202 2693 Macrobius
1217 2628 1263 2712 saj-

135 2716 247 2778 turnai.
263 2717 289 2790 Ι,
306 2729 361 2790 2ος
402 2713 582 2776 Alexandria
595 2715 682 2776 eidem
696 2710 815 2796 AEgypto
836 2707 967 2793 aetJacem
982 2711 1098 2791 civitas,
1121 2738 1185 2800 qua
1197 2737 1263 2779 con-

131 2801 254 2868 ditarem
276 2797 475 2867 Alexandrum
492 2797 677 2862 Macedonem
695 2796 852 2879 gloriatur,
873 2795 1004 2884 Sarapin
1017 2813 1102 2884 atque
1117 2801 1173 2889 I'fin
1187 2803 1264 2864 cultu
1362 2857 1367 2862 .

129 2902 212 2973 pane
221 2883 359 2950 attonita
366 2885 715 2970 venerationisadscrvat:
738 2906 843 2948 ornnem
856 2896 950 2949 tamen
964 2883 1043 2948 illam
1054 2886 1264 2950 uenerationem
1288 2924 1289 2928 =

135 2970 298 3059 Solisefirb
313 2969 390 3033 iilius
409 2970 517 3033 nomine
544 2971 664 3056 aptatur
677 2970 843 3052 impendere,
870 2969 921 3034 vel
930 2972 997 3034 dam
1011 2971 1154 3034 calathum
1176 2973 1266 3057 capiti
1359 3015 1363 3025 ·

133 3057 192 3140 ejus
224 3053 365 3142 infigunt,
393 3055 443 3118 uel
463 3057 529 3118 dum
543 3055 696 3140 stmalaero
719 3054 836 3140 stgnum
864 3053 1002 3140 tricipitis
1026 3055 1183 3120 animantis
1210 3059 1266 3122 ad·

126 3143 284 3225 jungunt3
307 3141 381 3224 quod
387 3140 523 3225 exprimit
536 3143 623 3204 medie
639 3141 780 3222 eodemque
792 3140 914 3204 maxiano
928 3141 1020 3225 capite
1031 3139 1114 3206 leonis
1125 3139 1264 3226 effigiem

132 3225 262 3293 decurri
280 3239 368 3310 parte
380 3240 467 3310 caput
479 3227 558 3291 canis
571 3225 704 3290 exeatur
716 3222 957 3310 manfieetdspecie
971 3225 1141 3290 blandientis
1154 3253 1162 3300 ς
1193 3242 1267 3311 pars

133 3315 202 3377 veri
214 3312 300 3376 kva
306 3311 428 3374 cervicis
437 3313 551 3396 rapacis
561 3311 623 3396 lupi
633 3310 723 3394 capite
724 3309 858 3396 finitur:
881 3307 977 3394 erasque
998 3333 1090 3396 armar
1098 3312 1270 3378 animalium

132 3401 221 3464 draco
247 3396 387 3460 conncdiit
408 3396 613 3546 voluminebsuo
635 3396 727 3480 capite
747 3396 879 3459 redeunte
900 3395 941 3456 ad
976 3395 1002 3458 ei
1026 3397 1182 3474 dexteram,
1211 3401 1269 3482 qud

129 3481 491 3571 compesciturimorfirurn.
571 3505 620 3564 rgo
630 3481 714 3544 leonis
728 3479 1000 3568 capitemenliratur
1009 3481 1131 3570 praesent
1143 3497 1267 3570 temptas

131 3570 203 3655 quia
218 3564 347 3634 canditia
371 3567 430 3651 ejas
455 3569 533 3636 inter
549 3565 930 3656 praeteritumfatururnque
942 3571 1009 3630 aaa
1019 3565 1269 3660 prae'sentihvalida

129 3651 309 3740 fervensque
321 3654 369 3738 ιβ.
385 3652 444 3717 Sed
452 3654 488 3716 ὅ
497 3651 679 3737 praeteritum
693 3664 799 3737 tempus
825 3649 887 3733 lupi
912 3649 1003 3734 capite
1016 3649 1175 3734 fignatur3
1199 3657 1275 3740 quid
1388 3656 1393 3670 ‘

130 3738 280 3806 memoria
306 3760 404 3802 rerum
431 3743 642 3818 transaeiarum
670 3736 798 3822 rapitur,
816 3735 858 3797 'id
894 3735 1040 3822 aufertur.
1086 3738 1158 3803 Item
1191 3741 1270 3806 canit

130 3821 543 3974 blandientiaffgiersuturi
561 3823 692 3909 temporit
705 3824 829 3908 defigant
841 3839 973 3884 eventurn
984 3847 995 3894 3
1008 3822 1042 3884 de
1052 3844 1104 3905 quo
1115 3827 1190 3888 nobis
1198 3825 1270 3912 sper,

131 3914 204 3978 ticet
213 3911 343 3985 ineerta,
357 3909 423 3973 blan
442 3913 513 3974 itur.
560 3908 698 3996 Tempora
708 3923 802 3972 autem
814 3906 861 3970 cui
870 3905 902 3968 ni
911 3927 921 3967 r
930 3907 1046 3991 proprio
1051 3909 1272 3997 fhrnularcntur

131 3993 259 4066 auctori
267 3991 287 4058 ?
307 3994 388 4079 cujus
402 4009 514 4074 uertex,
530 3994 678 4078 irfignitur
691 3991 811 4068 calatho,
836 3991 870 4054 td
885 3991 1066 4056 altitudinem
1069 3993 1175 4076 sederis
1192 4017 1271 4056 nun-

130 4086 224 4158 drat,
253 4080 290 4144 δ’
312 4081 468 4166 potentiam
488 4078 657 4166 capacitatis
680 4079 813 4164 ostentat:
836 4073 957 4160 qnia'in
974 4099 1037 4140 eum
1051 4078 1143 4142 omnia
1157 4093 1276 4147 terrena
1358 4101 1361 4104 ·

132 4171 276 4240 rederent,
309 4167 377 4230 dum
404 4168 516 4257 immeffl
548 4165 640 4228 calore
672 4164 838 4250 rapiuntur.
903 4157 1003 4252 Accipe
1038 4185 1112 4225 nunc
1135 4165 1209 4246 quid
1232 4169 1289 4233 de.

131 4254 210 4331 Sole,
251 4248 306 4314 uel
343 4251 463 4338 Sarapi,
496 4248 701 4343 pronuntietur
732 4248 854 4314 oraculo.
899 4241 980 4308 Nam
1024 4243 1158 4333 Sarapis,
1194 4277 1275 4336 quem
1343 4289 1346 4296 .

131 4337 278 4426 AEgyptii
305 4337 386 4411 barn
399 4346 554 4412 maximian
566 4334 764 4420 prodiderunt,
787 4347 886 4406 oratur
900 4354 920 4396 a
935 4329 1131 4416 Nicocreonte,
1156 4335 1275 4425 Cyprio.

1000 4440 1007 4462 ·
1210 4446 1278 4489 roten
