3250 5259
805 524 963 644 <ri
1382 631 1387 640 ,

302 654 305 662 ¹
330 682 482 760 ieiunii.
522 695 662 765 Probaiit
677 695 764 764 Perhi
777 702 930 768 consilium
943 702 1112 782 inienuus
1134 702 1271 786 qui-tion
1299 717 1355 785 pet·
1368 697 1450 767 satu·

211 827 219 840 .
332 798 408 862 tam,
430 783 512 868 quod
533 787 626 865 aiunt,
647 790 727 852 varia
746 807 921 874 argumenta
933 794 1041 858 endem
1055 794 1188 856 carmine
1206 787 1449 873 eompledlitur:

332 877 383 946 sed
408 885 547 950 Peisiuno
570 905 651 950 more
671 889 779 970 cuique
793 889 888 964 satitae
916 880 943 951 ‘ii
960 876 1010 944 ueri
1038 875 1139 944 danii
1160 874 1333 961 ὑποκείμενου
1365 876 1449 960 γένος

332 987 370 1034 ut
385 972 543 1053 plurimum
556 973 677 1038 addicit.
722 980 790 1038 Huc
802 978 890 1040 etiam
905 979 1031 1060 pertinet
1039 979 1121 1057 quod
1134 977 1166 1039 in
1177 974 1312 1040 Persiana
1325 975 1449 1037 Horatii

264 1115 269 1124 .
333 1057 499 1124 imitatione
511 1057 748 1136 observabimus,
771 1063 809 1126 de
822 1067 967 1148 gravitate
977 1065 1009 1130 in
1018 1063 1269 1145 disputationibus
1287 1061 1449 1124 nonnullis

243 1191 246 1197 .
333 1148 504 1210 Stoicorum
530 1149 725 1228 explicandis,
756 1151 854 1214 Persio
867 1151 986 1228 sumta,
1023 1152 1150 1216 Horatio
1170 1148 1325 1233 neglecta:
1353 1153 1449 1228 cujus

223 1239 225 1246 '
332 1234 376 1297 rei
396 1233 509 1308 illustre
532 1232 574 1298 esi
588 1236 758 1319 exemplum
780 1239 810 1300 in
831 1238 919 1304 Persii
933 1240 1048 1322 quinta,
1070 1239 1100 1300 a
1121 1238 1246 1301 Horatii
1265 1233 1382 1299 Davo:
1409 1255 1451 1298 ert

329 1341 463 1470 {uorum
475 1319 640 1386 carminum
653 1328 870 1408 comparatione
885 1329 1003 1410 ingenia
1027 1321 1183 1428 utriusque
1206 1326 1304 1406 ροὲιω
1319 1318 1449 1395 diuersa,

361 1473 364 1478 ,
381 1409 412 1470 di
424 1425 572 1492 crepantes
585 1409 660 1472 ideae
677 1433 750 1494 quas
767 1413 899 1476 rhetores
917 1413 1022 1478 dicunt
1035 1413 1150 1496 optime
1164 1423 1278 1494 queant
1295 1403 1447 1492 dignosci.
1529 1400 1531 1485 ἓ

332 1494 486 1580 Differunr
500 1513 639 1580 praetetea
655 1499 686 1562 hi
701 1501 797 1582 po'e'tae
810 1503 841 1564 iii
856 1497 1001 1571 salibus&
1014 1500 1065 1564 illa
1083 1498 1252 1563 urbanitate
1275 1515 1375 1579 quam
1390 1498 1447 1556 Sa·
1529 1504 1531 1579 l

332 1585 398 1644 ritae
417 1583 561 1648 Romana
575 1587 725 1670 propriam
743 1583 887 1653 diximus:
915 1588 1113 1652 necessitatem
1130 1583 1219 1665 hujus
1233 1585 1330 1669 ,partis
1343 1583 1379 1645 in
1391 1581 1451 1644 hoc
1529 1610 1530 1669 3

329 1668 450 1757 poiseus
463 1691 569 1754 genere
583 1671 671 1736 docet
685 1671 808 1751 Persius,
830 1672 902 1738 etim
920 1673 1025 1739 scribit
1038 1675 1076 1737 de
1091 1675 1233 1736 Horatios

417 1753 508 1820 Omne
517 1755 604 1844 vider
617 1755 723 1822 vitium
739 1759 848 1825 ridenti
861 1759 980 1824 Flaccus
993 1761 1083 1824 amico

417 1839 536 1924 Tangit,
551 1845 584 1906 id
599 1844 730 1932 admiffiai
742 1845 1015 1932 circumpraecardi‘a
1024 1846 1108 1912 ludit.

329 1930 418 1994 ctiam
440 1933 470 2018 in
485 1933 588 2012 quinia
598 1927 670 1994 ciirn
683 1930 753 1995 facit
763 1937 936 1996 'Cornutum
951 1935 1017 2000 hnc
1031 1930 1085 1995 sibi
1099 1931 1218 1995 dicere:

665 2019 883 2104 --pallrntet
896 2020 1091 2098 raderpmarei

415 2099 534 2179 Dauus,
559 2102 588 2170 a
602 2099 720 2183 ingenuo
732 2104 847 2188 ¹culpam
860 2104 977 2190 defigere
989 2105 1062 2168 Iuda.
1529 2163 1531 2175 ,

256 2236 264 2248 .
328 2207 420 2270 quate
435 2207 495 2250 nou
511 2187 604 2273 potest
618 2191 751 2253 dubitari
774 2190 871 2274 ipsum
894 2191 925 2252 in
947 2193 1049 2254 Satiris
1071 2186 1231 2253 scribendis
1251 2184 1283 2250 id
1312 2181 1449 2252 habuisse

327 2269 520 2358 propositum,
543 2292 577 2340 ut
590 2273 736 2342 tristitiam
750 2276 955 2362 argumenti&
975 2275 1235 2362 reprehensionum
1260 2276 1450 2338 atrocitatem
1529 2266 1531 2289 '

325 2364 465 2443 jocorum
492 2361 648 2428 festivitate
670 2365 860 2431 exhilararet.
883 2363 932 2429 sed
957 2364 1072 2430 Persius
1090 2364 1156 2444 jam
1183 2378 1248 2424 tum
1275 2362 1305 2422 in
1334 2360 1452 2425 illasna
1529 2396 1531 2407 =

327 2445 637 2536 adolescentiagravis,
661 2449 850 2532 totusque-ad
864 2449 1163 2524 severitatemfaslus,
1185 2450 1347 2523 Xenocrati
1360 2448 1454 2532 quini
1529 2452 1530 2467 ¹

267 2539 270 2546 '
328 2537 475 2618 Menippo
499 2536 628 2612 similior,
651 2539 773 2612 Gratiis,
794 2560 861 2604 meo
882 2539 1007 2620 judicio,
1031 2537 1099 2601 rarii
1124 2537 1227 2600 litavit.
1250 2535 1342 2619 longe
1364 2537 1450 2600 enim

329 2622 385 2684 hac
398 2623 490 2686 laude
504 2621 532 2685 δι
547 2625 585 2687 ab
600 2628 725 2690 Horatio
748 2623 915 2710 superatur,
938 2629 968 2688 ἃ
989 2623 1162 2706 iJnvenale
1177 2644 1184 2686 :
1209 2635 1340 2704 quorum
1365 2638 1450 2696 uter,-

329 2729 390 2791 que
403 2707 563 2784 felicissimi
576 2709 617 2774 est
631 2713 783 2789 assecutus,
808 2714 892 2794 quod
907 2714 1003 2776 voluit
1016 2711 1124 2788 noller,
1147 2729 1202 2772 nee
1219 2707 1330 2791 potuit.
1345 2711 1451 2775 excel·

329 2796 399 2859 lunt
420 2795 512 2882 igitur
526 2799 557 2860 iii
574 2817 610 2860 eo
622 2799 761 2864 Horatius
776 2800 993 2878 &Juvenalist
1015 2798 1069 2862 etsi
1082 2797 1196 2862 ratione
1217 2791 1356 2858 diversae
1381 2815 1451 2861 nain

329 2897 412 2964 illius
436 2895 509 2964 sales
532 2884 580 2954 sii
606 2887 732 2974 ὀχλικὴν
761 2883 943 2971 οἷναγωγίαν,
973 2885 1058 2950 &ut
1078 2887 1120 2948 ita
1150 2883 1257 2959 dicam,
1295 2881 1451 2966 plebeium

329 2986 442 3068 aliquid
456 2984 518 3050 sete
541 2981 676 3066 sapiunt:
701 2983 790 3062 hujus
803 3003 905 3047 omnes
917 2980 989 3064 joci,
1004 2983 1121 3066 >quibus
1148 2979 1292 3060 abundat,
1314 2979 1355 3044 fic
1381 2978 1453 3045 sunt

329 3071 434 3136 urbani
449 3072 478 3135 δι
491 3069 566 3144 salsi,
586 3077 624 3134 'iit
638 3090 759 3140 acumen
775 3069 851 3152 saepe
873 3086 962 3153 atque
986 3071 1181 3139 eruditionem
1203 3088 1266 3152 prae
1288 3064 1317 3130 se
1338 3066 1450 3144 ferant,

330 3159 526 3242 &ingenium
542 3159 634 3240 longo
648 3157 829 3222 declamandi
842 3153 897 3218 usu
912 3157 1006 3240 probe
1019 3153 1185 3220 sabasium.
1213 3158 1247 3216 lu
1263 3153 1365 3217 nnllro
1381 3157 1453 3218 vetii

330 3246 397 3308 loca
415 3266 474 3308 non
502 3264 596 3328 pauca
616 3241 684 3308 sunt
704 3265 773 3325 quae
793 3242 892 3326 palim
919 3241 1080 3306 ostendunt
1105 3263 1165 3306 non
1193 3240 1377 3323 displicuisse
1406 3244 1452 3307 illi

325 3332 420 3411 jocos,
444 3331 491 3396 sed
521 3351 581 3395 noti
609 3329 776 3412 contigisse,
797 3330 882 3413 quod
907 3330 945 3396 de
972 3327 1169 3394 Demosthene
1192 3329 1302 3391 Fabius
1322 3327 1427 3394 scribit
1441 3352 1464 3408 ες

328 3419 412 3502 uelut
433 3421 463 3482 in
490 3421 582 3506 prima
597 3417 650 3482 ubi
676 3414 781 3480 diserte
804 3419 856 3493 ait,
880 3418 974 3482 ridere
995 3415 1024 3479 se
1045 3417 1138 3479 malos
1160 3417 1279 3499 postas:
1301 3415 1353 3477 ille
1376 3416 1451 3478 verb

237 3505 241 3514 “
329 3503 391 3570 noti
405 3505 525 3578 russin
539 3501 653 3581 solim,
677 3501 723 3566 sed
738 3505 826 3566 eriam
849 3498 973 3592 λοιδορεῖ.
985 3501 1199 3590 jocosaunon
1213 3501 1369 3573 inienusla
1383 3503 1452 3568 illa:

501 3625 660 3666 -nunr
677 3600 816 3666 truncinis
831 3599 878 3664 ille
887 3606 978 3686 pairae
1056 3628 1060 3633 ·

459 3687 542 3752 Felix
553 3686 657 3750 3-

245 3773 248 3779 ’
328 3775 442 3860 &que
454 3773 628 3856 sequuntur,
643 3773 720 3842 illud
731 3773 861 3838 convitio
876 3774 1024 3857 propius:

414 3859 609 3924 Rancidulum
630 3860 761 3944 quiddam
775 3859 859 3925 halba
873 3857 906 3922 de
919 3883 992 3926 nare
1004 3859 1111 3923 lacutui
1132 3879 1145 3922 .·

325 3950 397 4016 stem
411 3947 482 4013 illa:

494 4027 716 4112 -Nugaris
729 4031 789 4095 crim
811 4029 867 4094 riti·
884 4029 966 4094 calve

411 4119 535 4202 Pinguis
548 4113 724 4202 aqualiculus
734 4117 859 4205 protatur
868 4113 1026 4202 sesquipede
1040 4127 1127 4181 extet.

322 4210 377 4276 ista
399 4206 479 4282 verb,
826 4232 828 4237 ·
983 4273 987 4282 ⁴

412 4289 565 4391 OJaneti
579 4303 656 4370 tergi
671 4309 750 4370 quim
764 4309 883 4352 n.--
943 4339 945 4343 .

322 4383 558 4465 indignationem
581 4376 659 4438 illius
674 4376 768 4457 niagis
785 4396 880 4460 arguu
948 4371 1039 4458 quilii
1055 4371 1311 4459 aptitudinemad
1323 4393 1451 4440 moreti·

323 4471 396 4534 duni
410 4467 509 4532 risum.
533 4464 606 4546 quin
625 4461 725 4540 etiam,
740 4460 823 4538 ⁴sicut
848 4461 892 4530 in'
929 4459 1453 4531 mosthene·obseivarunt·veiem

825 4582 830 4591 ·
1092 4563 1094 4566 ⁴
1128 4582 1133 4586 ·
1172 4568 1174 4573 ·
1340 4551 1446 4629 critici,
