3250 5259
330 475 335 488 ¹
384 459 455 536 DE
481 459 777 583 VESBASIANI
804 463 1034 544 IMPERIO.

152 661 314 750 posiquam
327 659 411 724 locus
431 661 469 724 de
483 659 544 746 iege
557 663 668 726 curiata
682 677 727 726 tot
748 660 980 730 dostiffimorum
1007 666 1161 736 hominum
1186 692 1278 739 accu-

153 753 228 817 ratis
243 747 491 831 disputationibus
502 752 664 832 explicatus
678 767 708 813 et
722 750 887 814 illustratus
906 751 960 818 est.

130 875 136 890 .
199 837 386 900 Crediderim
403 838 506 919 igitur,
522 839 559 900 ab
581 859 617 900 eo
629 853 769 920 tempore,
786 860 850 922 qno
861 838 1015 903 Caesarum
1031 843 1156 924 potestas
1167 863 1299 924 certam,

152 923 286 1006 sormam
296 939 456 1007 acceperat,
473 925 530 986 hoc
545 945 667 1007 quoque
683 923 825 986 servarum
840 927 907 1006 esse,
921 944 954 988 ut
969 929 1133 995 bonoribus
1143 933 1280 1011 decretis,

155 1015 209 1094 qui
223 1010 385 1075 adsolerent
403 1015 445 1091 (v.
462 1015 500 1073 H.
513 1015 566 1085 tv,
581 1034 609 1096 3.
633 1029 662 1074 et
684 1013 725 1076 ibi
747 1013 844 1094 disia)
860 1011 1034 1098 senatusque
1055 1017 1190 1082 consulto
1214 1021 1279 1103 pou

153 1100 240 1162 sasio
254 1101 292 1161 de
315 1099 439 1180 imperio
455 1105 497 1176 (r.
513 1099 640 1180 ibium.)
659 1102 782 1162 Senatus
794 1100 947 1164 decretum
958 1104 1030 1165 dicis
1043 1108 1139 1170 caussa
1154 1105 1279 1172 sancire·

153 1203 206 1249 tur
223 1187 288 1270 lege
302 1189 425 1260 curiata,
441 1186 562 1248 adeum
575 1185 711 1261 modum,
728 1207 798 1269 quo,
815 1194 954 1252 extremis
970 1190 1149 1272 reipublicae
1167 1209 1282 1277 tempo·

153 1277 254 1352 ribus,
269 1275 390 1356 triginta
407 1272 562 1345 iistoribus
577 1293 629 1355 pro
643 1276 732 1336 curiis
751 1271 885 1358 suffiagia
899 1275 1075 1340 serentibus.
1117 1285 1194 1343 Nam
1212 1280 1234 1344 si
1250 1285 1282 1346 iti

151 1363 365 1443 adoptionibus
393 1359 500 1422 mansit
528 1361 576 1424 lex
605 1363 727 1436 curiata,
758 1379 791 1424 ur
812 1383 851 1426 ex
874 1366 914 1430 H.
936 1369 961 1439 Ι,
993 1382 1041 1446 15.
1064 1382 1154 1446 patet,
1174 1369 1280 1451 quidni

154 1452 247 1511 etiam
262 1445 398 1510 manserit
423 1449 453 1508 in
481 1447 609 1530 imperio
631 1447 813 1510 tribuendo?
874 1455 982 1532 Neque
1004 1452 1097 1526 obest,
1126 1455 1210 1536 quod
1228 1477 1279 1539 ap.

154 1538 301 1598 Tacitum
327 1537 368 1596 H·
385 1535 437 1608 lV,
459 1530 490 1595 6.
503 1533 625 1617 aliisque
652 1535 724 1596 iocis
748 1537 829 1598 uuila
848 1539 911 1600 eius
923 1536 1027 1600 diserta
1046 1543 1157 1603 mentio
1182 1556 1279 1607 extat.

154 1623 234 1685 Satis
249 1621 373 1696 constat,
388 1620 468 1702 apud
484 1619 635 1704 scriptores
650 1624 805 1704 vetetesjn
824 1625 923 1707 rebqs,
939 1624 1049 1706 quibus
1064 1629 1176 1690 SCtum
1190 1643 1222 1691 et
1230 1629 1280 1694 lex

152 1706 324 1783 intercessit,
347 1725 444 1772 tamen
467 1728 533 1769 raro
555 1721 728 1789 utrumque,
751 1707 798 1772 sed
818 1710 909 1772 modo
929 1715 1041 1775 SCtuin
1062 1710 1166 1791 solum,
1188 1716 1281 1778 modo

154 1799 258 1882 legem
270 1795 358 1860 solam
376 1797 610 1870 commemorari,
632 1797 755 1858 alterum
778 1796 902 1880 intelligi
912 1797 1027 1861 debete.
1070 1803 1172 1882 Atque
1192 1803 1280 1879 talem

154 1887 258 1967 legem
272 1886 416 1948 curiatam
439 1883 508 1944 licet
532 1881 705 1965 intelligere,
731 1897 765 1944 ut
792 1881 877 1965 supra
899 1885 974 1961 diiii,
994 1886 1068 1948 hanc
1095 1887 1134 1950 de
1155 1890 1280 1973 imperio

155 1967 339 2052 Vespasiani,
365 1966 508 2032 diversam
534 1969 616 2031 iliam
644 1969 764 2053 quidem
801 1989 819 2032 rr
852 1972 945 2048 sero,
974 1974 1058 2056 quod
1095 1975 1133 2038 de
1154 1974 1280 2058 imperio
1340 2037 1343 2041 ,

157 2053 200 2119 V.
227 2055 342 2120 fastum
366 2054 407 2119 est
427 2055 549 2118 austore
575 2058 696 2132 Tacito,
725 2056 772 2118 sed
800 2055 910 2132 forma,
946 2080 1006 2122 nori
1038 2063 1159 2124 materia
1176 2080 1208 2126 et
1231 2085 1279 2128 ar·

156 2159 317 2228 gumento.
359 2148 437 2207 Nam
448 2140 642 2226 Imperatores
667 2161 697 2206 et
717 2147 748 2205 in
764 2141 845 2208 Vrbe
861 2149 1022 2231 Imperium
1044 2150 1168 2213 militare
1180 2150 1281 2216 habn-

156 2251 209 2294 ere
227 2233 404 2316 utrptimum
419 2229 614 2312 Imperatores
636 2229 702 2293 sunt
718 2233 869 2314 appellati.

204 2319 307 2400 Atque
326 2319 394 2382 hinc
420 2320 508 2380 etiam
536 2319 729 2380 confirmatur
743 2319 785 2393 id,
806 2319 887 2402 quod
903 2317 940 2379 ad
955 2321 995 2382 H·
1009 2317 1065 2395 IV,
1096 2341 1128 2404 3·
1160 2319 1277 2402 odiit,

156 2403 273 2469 diversa
293 2407 349 2469 esic
369 2405 484 2469 decreta
505 2401 630 2480 senatus,
653 2425 781 2487 quorum
808 2405 867 2468 isiis
899 2409 930 2467 in
955 2406 1038 2480 ¹locis
1065 2411 1177 2472 mentio
1202 2410 1276 2475 fiat:

157 2493 228 2556 loco
252 2493 342 2575 priori
355 2493 470 2556 decreta
485 2491 559 2554 tradi
583 2491 660 2554 sassa
683 2494 719 2554 de
734 2493 898 2570 honoribus
920 2508 950 2554 et
971 2495 1142 2560 nominibus
1157 2496 1281 2562 honoris
1314 2499 1316 2507 ’

153 2579 333 2665 insignibus,
364 2578 516 2664 posteriori
529 2578 566 2642 de
588 2581 730 2662 imperio:
762 2601 859 2664 eaque
885 2578 1003 2643 diversis
1034 2584 1219 2666 temporibus
1244 2606 1282 2651 ac

153 2667 265 2730 diebus
283 2665 373 2730 fasta.
416 2671 537 2749 Semper
552 2664 604 2730 issa
618 2670 647 2729 in
673 2669 749 2750 Rep.
771 2667 812 2730 R.
828 2682 857 2730 et
871 2666 957 2728 bonis
968 2672 1151 2750 temporibus
1165 2671 1280 2738 divisim
1329 2736 1331 2743 ,
1451 2674 1455 2687 ’

154 2770 259 2836 etper
282 2755 468 2820 intervalium
492 2753 572 2830 data,
594 2757 682 2816 etiam
697 2755 748 2836 ipsi
764 2757 954 2836 imperatores
978 2776 1031 2838 per
1052 2757 1201 2822 intervalla
1224 2759 1281 2824 fibi

155 2842 223 2904 dari
234 2841 405 2919 voluerunt,
421 2861 471 2925 per
494 2837 616 2921 speciem
635 2843 757 2904 alicuius
768 2840 936 2905 modestiae.
980 2847 1137 2907 Extremae
1151 2847 1280 2910 adulati-

156 2931 226 2992 onis
250 2925 318 3006 suit,
341 2933 439 2992 omnia
463 2926 550 2990 simul
576 2926 752 3006 decernere.¹
786 2929 869 2992 Nihil
893 2928 992 2991 dicam
1019 2930 1057 2994 de
1080 2931 1218 3016 Augusto
1243 2953 1279 2997 ac

158 3015 312 3080 Tiberio:
348 3019 435 3080 etiam
462 3015 530 3076 mali
556 3019 661 3078 ominis
689 3017 825 3078 habitum
848 3015 880 3077 in
900 3017 1060 3094 Pertinace,
1075 3019 1158 3101 qnod
1178 3020 1279 3084 omnia

156 3117 301 3270 ‘sfftg'aset
315 3103 427 3265 ξθρόως
442 3115 614 3183 consecutus
627 3118 708 3182 esset.
734 3139 764 3183 v.
780 3116 939 3200 Capitolio.
953 3119 984 3181 iu
995 3121 1148 3214 Pertinqce
1160 3141 1188 3186 c·
1205 3144 1235 3205 5.
1248 3135 1281 3188 et

156 3227 169 3269 i
195 3227 205 3270 i
277 3225 314 3266 au
337 3242 345 3261 .

494 3402 541 3464 Ex
557 3399 639 3467 Edit.
663 3403 765 3466 Tacit.
787 3402 826 3468 ab
843 3399 968 3466 Ernesto
995 3400 1077 3466 Anti.
1102 3416 1200 3492 ryyts

262 4069 374 4169 Typis
390 4070 603 4144 excutiebant
621 4069 686 4142 W.
699 4065 876 4138 niort-ns
894 4066 928 4136 δι
944 4064 982 4158 J.
993 4067 1197 4148 Writitnu.

148 4329 1287 4384 unm—-
