3250 5259
363 563 365 575 ¹
433 555 494 621 nn
516 555 720 628 :simui
762 563 1006 642 invenitis.
1263 595 1315 669 33
1401 570 1405 575 ·

242 787 248 794 .
352 743 354 750 “
474 723 733 788 v—-Taittum
736 725 860 813 sperare
876 728 1020 794 dolorum:
1070 785 1074 794 .

163 825 239 870 cum
258 805 357 871 tainen
372 813 495 893 proprie
517 812 625 875 dixerit
646 815 809 892 Juvenalis,
833 837 883 878 eos
904 820 959 900 qui
980 815 1130 886 desinente
1158 841 1305 897 autumno

164 895 350 976 aegritudine
366 901 470 961 tentari
485 898 642 982 incipiunt,
665 899 779 982 sperare
792 918 968 984 quartanam
982 929 991 966 t
1014 907 1071 969 hoc
1092 909 1145 988 est,
1168 935 1226 978 non
1237 919 1303 984 tore

165 983 305 1044 continui
326 984 450 1061 ardoris,
477 983 526 1048 sed
553 1003 667 1048 tantum
687 989 827 1070 quadrini
844 992 987 1054 circuitus
1012 992 1137 1075 febrem,
1152 1021 1234 1090 quae,
1264 1022 1299 1069 ut

162 1067 267 1131 asserit
287 1067 399 1147 Celsus,
422 1073 708 1157 neminemjugulat.
754 1071 799 1135 Ea
814 1096 884 1139 vero
896 1076 980 1141 febre
993 1079 1153 1179 φθινοπώρῳ
1168 1089 1300 1174 peimi-e

163 1154 191 1222 δι
220 1164 362 1262 ei'viporrii
387 1169 566 1260 iniecerint,
601 1173 703 1254 inquit
727 1172 935 1258 Hippocrates.
978 1179 1014 1240 ln
1041 1179 1077 1242 iis
1104 1198 1204 1250 autem
1226 1209 1298 1271 quae

161 1259 256 1328 satira
265 1265 394 1331 secunda
413 1270 554 1350 legimus,
580 1269 626 1355 Vſs
642 1273 695 1354 89.

204 1425 207 1436 Ι
296 1353 369 1416 Solis
383 1378 440 1417 ara
451 1353 528 1416 Deae
540 1357 669 1418 maribus
678 1369 772 1438 patet.
792 1357 833 1420 ite
842 1359 986 1445 prasiana,

256 1437 422 1516 Clamatur.
438 1441 514 1503 nullo
531 1441 622 1521 gemit
635 1441 682 1503 hic
695 1442 822 1510 tibicina
843 1465 957 1506 corna:
1114 1517 1122 1524 θ

162 1529 198 1591 Si
214 1526 370 1589 ioeminam
386 1549 455 1610 quae
471 1549 561 1590 cornu
579 1527 673 1602 inflat,
689 1529 842 1592 tibicinam
852 1529 987 1607 vocasset,
1004 1546 1058 1595 aut
1072 1532 1146 1597 nihil
1158 1553 1301 1620 praeterea

162 1613 316 1690 voluisset,
338 1611 406 1679 sane
421 1617 487 1697 plus
503 1635 592 1698 quam
614 1615 894 1698 negligentissimum
917 1616 1004 1681 luisse
1028 1620 1136 1684 faterer
1144 1647 1154 1697 i
1178 1621 1228 1696 sed
1258 1631 1301 1689 ait

162 1701 302 1783 Cotyttia
323 1699 414 1782 saera,
439 1706 531 1764 Bonae
557 1705 630 1764 Deae
653 1699 742 1764 sacris
771 1703 898 1766 omnino
921 1702 977 1766 effe
1005 1705 1163 1788 dissimilia,
1186 1712 1225 1776 ad
1248 1702 1307 1784 tili*
1373 1727 1376 1734 '

159 1790 244 1852 enim
260 1783 338 1851 solos
349 1810 444 1852 mares
459 1789 576 1852 admitti
593 1813 602 1862 ς
626 1789 736 1851 deinde
750 1791 843 1867 addit,
872 1789 918 1876 Vs
946 1809 997 1875 90.

359 1873 492 1937 -Nullo
501 1875 591 1958 gemit
608 1872 655 1936 tic
665 1874 786 1938 tibicina
799 1877 897 1940 corna.

160 1961 249 2047 quod
273 1957 382 2026 scilicet
411 1965 502 2024 Bonae
524 1966 596 2024 Deae
616 1962 826 2044 pulvinaribus
854 1963 1011 2041 acciderat,
1034 1965 1159 2030 admiil'o
1174 1967 1295 2052 Clodio,

160 2054 218 2134 qui
240 2045 295 2114 sub
320 2049 429 2114 veslitu
452 2049 596 2134 cultuque
622 2043 750 2130 psaltriae
773 2047 822 2112 scu
846 2050 988 2126 tibicinae,
1020 2071 1113 2117 cornu
1145 2057 1296 2134 intulerat,

160 2157 276 2222 nempe
285 2138 384 2200 virum
407 2137 553 2220 patrando
567 2135 661 2224 stupri
682 2133 798 2222 flagitio
819 2137 1041 2222 paratissimum,
1064 2158 1156 2227 atque
1169 2159 1204 2208 ut
1214 2145 1295 2220 idem

150 2224 317 2310 ‘juvenalis
330 2226 372 2288 ait
383 2223 413 2288 in
430 2221 522 2301 sexta,
564 2221 608 2287 V.
626 2221 698 2308 338.

295 2307 452 2394 Majorcm,
475 2332 560 2394 quam
581 2307 699 2372 untduo
711 2307 834 2394 Caesaris
847 2309 1056 2380 Anticatones.·
1142 2317 1149 2329 '

158 2413 232 2457 nam
246 2395 324 2460 iilud
335 2393 446 2460 etiamst
463 2397 648 2478 praelicentet
664 2395 793 2475 pofitum
806 2398 957 2474 rideatur,
982 2415 1157 2472 nontamen
1177 2400 1219 2464 est
1246 2403 1291 2471 in.

155 2484 337 2548 concinnius
351 2505 385 2548 ee
398 2483 600 2558 similitudine,
623 2501 715 2566 quani
726 2499 764 2544 ex
780 2499 880 2548 uetere
893 2488 1012 2555 comico
1038 2489 1288 2572 notavitLongi·

157 2587 247 2632 nusi
267 2571 363 2666 ee’ypdi
388 2569 439 2662 ἔχ’
455 2567 563 2639 {bricio
580 2569 633 2654 γῆν
646 2565 788 2642 introiit
811 2571 987 2647 democritici
1036 2571 1168 2648 Minime
1187 2592 1289 2648 aulem

156 2669 343 2754 culpaverim
361 2670 443 2754 quod
456 2669 556 2731 eadem
569 2665 653 2729 satira
664 2666 752 2743 dixit,
775 2663 823 2750 Vs
848 2689 922 2762 423.
1035 2659 1046 2673 ⁸
1193 2668 1233 2681 “’

287 2755 477 2848 Arsiammum
489 2753 608 2818 domina
617 2753 722 2840 femur
735 2751 895 2824 exclamare
903 2756 1001 2838 coegit,

156 2841 200 2908 de
213 2841 306 2930 alipta
321 2844 374 2928 qui
387 2845 538 2908 dominam
554 2840 715 2921 unguendo
729 2837 817 2902 setius
837 2861 911 2918 erat,
934 2863 968 2906 ac
983 2837 1103 2910 tandem
1126 2861 1161 2916 ut
1185 2848 1288 2912 mitte·

156 2947 255 3009 tetur,
270 2925 376 3018 ’ψόφου
405 2927 646 3014 καὶπᾶππυσμα
662 2925 841 3011 expresserat
854 2931 894 2994 ab
904 2951 938 2992 ea
951 2930 1082 3001 dominae
1092 2952 1184 3015 parte,
1195 2955 1288 3019 quam
1335 2990 1338 3002 .

153 3035 190 3098 in
205 3030 293 3093 Galla
303 3030 344 3096 ob
358 3027 512 3094 consimile
526 3025 631 3088 vitium
644 3023 779 3086 Valerius
793 3026 937 3088 Martialis
951 3025 1126 3108 nequissimo
1139 3026 1290 3109 epigram·

156 3133 243 3184 mate
258 3115 413 3200 garrulam
438 3112 625 3200 &clamosam
638 3109 809 3194 appellavit.
843 3109 958 3195 Neque
972 3110 1199 3180 existimaverim
1226 3131 1291 3174 ani·

155 3202 267 3271 bitiose
282 3200 487 3285 potiusquam
501 3195 623 3262 honeste
641 3198 670 3258 dt
694 3198 799 3262 decore
814 3195 955 3280 usurpata
970 3197 1055 3263 fuisse
1070 3200 1238 3283 palpitandi
1261 3198 1293 3260 dt

154 3289 350 3358 midbucieiidi
364 3289 518 3363 vocabula,
540 3286 615 3348 sicut
638 3286 669 3346 bt
693 3284 788 3362 rimae,
811 3284 916 3360 cristae,
932 3283 1051 3364 ieficae,
1076 3291 1180 3363 utinm,
1201 3284 1289 3362 oisaet

155 3382 235 3444 item
264 3381 374 3454 utticae,
395 3395 501 3454 cornu,
524 3373 660 3437 hernia:
684 3391 736 3454 per
759 3392 830 3454 quae
854 3374 911 3434 alia
932 3375 1030 3434 minus
1049 3370 1173 3456 speciosa
1202 3373 1287 3436 dictu

156 3463 383 3552 significantur.
428 3465 468 3526 Et
489 3460 568 3525 laudi
586 3461 795 3542 potiusquam
822 3460 895 3520 vitio
915 3460 1064 3532 duxerim,
1085 3460 1205 3524 rhombi
1221 3459 1289 3542 spa·

157 3556 253 3629 tium,
277 3571 334 3636 pro
348 3549 479 3614 rhombo
493 3563 584 3610 tantae
605 3546 784 3618 latitudinis,
807 3561 842 3607 ut
858 3546 915 3608 esse
930 3547 1081 3608 rideretur
1107 3545 1196 3609 iiislar
1211 3565 1290 3608 areae

158 3639 217 3711 καὶ
244 3635 363 3706 triciti
390 3631 553 3730 p‘opfiecidiie
581 3632 726 3696 &navem
740 3634 896 3707 minorem,
921 3654 976 3717 pro
995 3633 1063 3693 navi
1083 3652 1154 3715 quae
1174 3632 1314 3715 jactura·

120 3741 122 3746 ’
154 3740 240 3805 {adia
261 3736 421 3820 pauperior
434 3731 534 3800 erasit.
577 3729 713 3812 Denique
728 3749 884 3811 nunquam
900 3727 1146 3812 reprehenderim
1175 3728 1292 3797 satiram

154 3825 262 3892 verbis
281 3822 422 3886 audacius
447 3819 593 3884 transsatis
615 3817 818 3892 ferocientem,
841 3830 893 3877 aut
913 3817 1129 3898 carpendorum
1143 3815 1291 3880 vitiorum

155 3912 249 3980 causa
264 3912 388 3974 liberius
407 3922 577 3992 evagantem
596 3929 606 3979 t
629 3923 698 3968 iiam
713 3902 788 3965 illud
803 3901 925 3985 quidem
940 3901 1085 3965 severitati
1099 3922 1133 3966 ac
1146 3904 1291 3985 dignitati

154 3997 316 4072 sermonis,
344 3993 395 4060 sed
417 3978 621 4076 hoc'inpiimis
645 3989 858 4073 disquisitionis
872 3986 1010 4056 censoriae
1030 3991 1159 4052 libertati
1183 4010 1295 4053 conve·

156 4093 227 4155 nite
248 4082 361 4150 censeo.
404 4083 507 4164 Atque
535 4093 569 4141 ut
592 4097 653 4140 uno
676 4075 767 4140 semel
787 4080 925 4160 exemplo
953 4077 1051 4140 muita
1077 4075 1167 4138 simul
1192 4075 1293 4143 olien-

155 4178 245 4249 dam,
274 4169 464 4236 observemus
475 4164 649 4246 juvenalem
671 4161 803 4228 nostrum
818 4163 1038 4227 celeberrimam
1060 4161 1204 4246 figuram,
1232 4183 1294 4246 qua

153 4239 271 4350 poetae,
285 4279 355 4322 cuni
370 4255 484 4340 aliquid
498 4249 705 4315 difficillimum
721 4251 862 4327 indicant,
883 4270 982 4311 rerum
997 4269 1117 4313 omnem
1131 4249 1222 4312 fidem
1237 4270 1295 4313 ex·

127 4348 361 4434 ‘supeantium
396 4341 631 4426 comparationes
674 4339 831 4400 acervatim
863 4349 1038 4420 congerunt,
1077 4336 1126 4398 ted
1159 4337 1297 4419 plerum-

117 4543 120 4550 1
150 4459 216 4525 que
239 4450 301 4501 tam
335 4431 458 4500 frivolas
484 4445 577 4514 quam
600 4423 772 4578 ἰιιςειιίιέίιὲ,
795 4425 836 4488 ad
865 4421 937 4488 seria
963 4422 1298 4585 saepenumemssiiigie,
