3250 5259
364 510 405 596 p
623 453 1217 625 onsnnvnrtouns

313 655 316 664 *
368 676 491 746 ferenda
503 673 649 763 estquatn
661 674 775 746 constat
798 696 861 740 non
880 675 937 740 ell'e
956 672 1116 740 ledlionern
1137 671 1366 760 primariamei
1390 698 1487 762 quant
1530 732 1531 735 ,

371 763 460 832 valde
474 765 626 830 verisimile
637 763 679 828 est
691 765 746 830 elle
761 766 911 847 vulgatam
924 763 962 828 ab
976 762 1040 844 ipso
1054 761 1195 846 scriptore
1207 760 1377 828 sessionem.
1410 768 1490 829 Hinc

373 871 457 942 patet
473 851 572 936 primo
590 854 678 916 licere
690 853 911 916 emendationes
932 851 1092 914 immittere
1113 849 1209 912 textui
1229 851 1318 912 etiam
1342 851 1493 918 duntaxat

374 939 556 1028 probabiles.
599 943 668 1004 Huc
682 940 794 1004 accedit
809 937 894 1022 quod
916 933 987 1002 inde
1014 937 1181 1020 legentibus
1207 933 1327 1020 scriptio
1347 938 1494 1004 offeratur

375 1027 490 1093 facilior
505 1027 590 1092 simul
606 1023 822 1110 &jucundior,
845 1026 876 1088 in
892 1025 953 1107 qui
974 1028 1176 1107 grammaticae
1200 1023 1279 1108 leges
1297 1046 1369 1090 non
1392 1023 1494 1112 aperti

374 1117 537 1193 violantur,
559 1116 590 1182 in
605 1116 668 1198 qua
687 1111 783 1178 sensus
810 1109 924 1196 ubique
943 1111 1077 1176 occurrit
1102 1109 1216 1174 nitidus
1241 1109 1274 1183 dt
1300 1110 1403 1180 secum
1421 1110 1493 1178 bene

288 1261 294 1272 ,
375 1204 537 1270 cohaerens.
581 1201 719 1285 Quilibet
733 1199 813 1264 certe
836 1201 935 1284 operis
956 1199 1090 1281 alicujus,
1111 1200 1159 1262 vel
1173 1195 1306 1279 scriptor,
1327 1203 1380 1264 rel
1401 1203 1491 1264 inters

230 1363 234 1372 ,
374 1312 456 1376 pres,
478 1289 525 1354 vel
538 1287 645 1365 editor,
667 1288 785 1352 nullum
802 1307 862 1350 non
877 1286 1007 1350 laborem
1022 1283 1111 1348 debet
1134 1281 1275 1367 suscipere
1297 1303 1334 1350 nt
1363 1289 1491 1372 legentes

295 1391 300 1404 ¹
374 1397 438 1441 non
451 1376 596 1443 laborent.
640 1371 731 1438 Pauci
752 1370 865 1459 quippe
883 1371 951 1436 sunt
964 1371 1020 1437 riri
1031 1371 1138 1436 laboris
1154 1374 1298 1456 patientes
1310 1374 1341 1437 ἃ
1355 1391 1492 1449 amantes,

375 1466 427 1548 qni
442 1483 550 1548 magno
571 1462 715 1526 animuin
733 1462 768 1524 iis
785 1482 856 1546 quae
868 1461 974 1546 legunt
987 1460 1161 1542 omnigenas
1174 1480 1274 1523 rerum
1300 1459 1491 1526 difficultates

375 1549 535 1614 exhaurire
549 1571 610 1614 non
618 1547 774 1613 dubitant:
788 1547 893 1630 reliqui
904 1563 1016 1622 autem,
1028 1548 1049 1608 ii
1059 1544 1221 1630 praesertim
1229 1545 1283 1630 qui
1295 1546 1418 1612 sublimi
1425 1547 1493 1619 sunt

249 1707 256 1718 ἃ
375 1637 405 1700 dt
420 1636 521 1704 subtili
534 1638 668 1721 ingenio,
689 1655 760 1700 mox
774 1631 892 1716 superbi
908 1631 1063 1697 fastidiunt
1076 1631 1255 1715 &rejiciunt
1268 1631 1492 1722 indignabundi

374 1744 462 1809 opus,
485 1725 688 1810 quodcunque
703 1721 748 1799 fit,
771 1725 855 1803 cujus
868 1720 955 1784 tettto
966 1721 1053 1782 nimis
1069 1717 1192 1803 operosa
1206 1721 1333 1786 taedium
1348 1719 1491 1788 moret&

261 1863 264 1873 .
375 1829 524 1900 procreat.
567 1810 641 1896 Qrd
653 1812 731 1876 enirn
747 1807 852 1893 scripta
873 1823 972 1871 vetera
986 1807 1123 1890 digniora
1135 1807 1285 1872 habentur
1299 1831 1370 1893 quae
1396 1811 1490 1894 perle.

376 1920 494 1983 gamus,
514 1898 551 1962 ed
572 1899 665 1982 magis
678 1895 769 1960 refert
782 1918 816 1959 ea
830 1894 927 1959 facilia
941 1893 1021 1956 tectu
1041 1890 1163 1956 effici&
1181 1896 1334 1976 jucunda.
1379 1902 1446 1980 Jam
1468 1898 1491 1964 ti

376 2001 514 2050 tencatur
532 1987 630 2049 editor
653 1985 806 2066 vulgatam
827 1981 857 2044 δι
876 1980 1072 2047 adulteratam
1086 1981 1245 2046 leilionem
1269 1984 1308 2048 ad
1331 1989 1493 2069 marginem

374 2072 497 2152 rejicere
521 2087 573 2135 aut
588 2069 665 2133 infri
680 2072 830 2154 paginam,
852 2067 1014 2132 servabitur
1023 2069 1086 2150 jam
1110 2067 1192 2152 quod
1206 2068 1247 2132 est
1261 2068 1440 2136 servandum
1462 2072 1492 2135 dt

374 2158 448 2222 nihil
458 2159 624 2224 detrimenti
640 2153 798 2220 afferetur:
820 2169 913 2238 atque
926 2153 985 2218 hoc
999 2153 1121 2218 tertium
1130 2153 1172 2218 est
1182 2176 1236 2220 cur
1248 2172 1373 2224 textum
1384 2180 1494 2243 aegrum

376 2241 503 2312 feliciter
515 2244 627 2310 sananti
640 2245 737 2308 omnis
756 2243 892 2306 dematur
913 2239 1081 2326 scrupulus.
1125 2241 1246 2325 Qtarto
1270 2245 1403 2328 denique
1422 2269 1492 2312 auc·
1530 2228 1532 2277 l

375 2333 480 2399 toritas
494 2331 623 2418 suppetit
636 2331 784 2396 editorum
798 2331 915 2413 aliquot
929 2325 1048 2414 egregie
1067 2315 1263 2395 cordatorum
1286 2334 1341 2416 qui
1363 2354 1418 2398 nos
1441 2356 1490 2399 an·

375 2421 559 2498 tecelferunt,
580 2419 696 2506 quique
708 2417 931 2483 emendationes
952 2433 1048 2492 marte
1059 2415 1181 2500 proprio
1194 2438 1324 2502 repertas
1333 2421 1365 2484 in
1378 2436 1493 2486 textum
1530 2440 1531 2459 ¹

372 2510 505 2591 recipere
521 2527 581 2572 non
601 2505 824 2572 dubitaverunt·
863 2501 1272 2585 Nnmillisexprobrabimns
1285 2505 1372 2590 qudd
1383 2524 1493 2592 partem
1530 2512 1531 2555 ἒ

374 2594 472 2676 operis
480 2593 670 2672 confecerint,
691 2613 745 2658 nec
759 2607 857 2673 toturn
868 2588 926 2674 ipsr
940 2609 1017 2672 opus
1030 2588 1160 2654 animose
1168 2591 1357 2675 perficiemus
1369 2599 1384 2660 i
1398 2617 1494 2675 nonne

376 2697 499 2764 operam
514 2681 651 2746 dabimus
664 2675 868 2765 utpitidos&
887 2675 1075 2760 splendentes
1087 2676 1277 2744 ostendamus
1299 2703 1353 2746 eos
1376 2699 1495 2768 campos

376 2788 455 2850 quos
484 2769 527 2832 illi
555 2765 679 2832 feliciter
701 2767 831 2830 incultos
855 2761 1060 2850 subegerunt?
1083 2765 1180 2846 quum
1204 2785 1344 2852 apertum
1368 2765 1409 2834 ab
1428 2771 1494 2855 ipsit

376 2853 504 2918 stadium
519 2853 572 2936 ipsi
583 2855 667 2939 primi
682 2851 799 2937 ingrelli
812 2849 936 2929 suerint,
957 2871 1029 2915 num
1042 2851 1246 2934 regrediemur
1263 2859 1294 2920 in
1312 2875 1385 2920 eum
1396 2858 1493 2940 locum

375 2961 415 3006 cx
427 2962 491 3026 quo
504 2943 546 3006 illi
560 2938 627 3006 sunt
642 2939 779 3026 profelli,
801 2940 848 3003 vel
862 2941 894 3002 in
913 2954 951 3002 eo
978 2938 1048 3000 loco
1064 2937 1254 3006 consiliemus
1277 2945 1317 3007 ad
1340 2965 1437 3028 quem
1454 2946 1493 3008 illi

375 3048 541 3110 pervenere,
565 3049 619 3092 nec
644 3029 737 3112 magis
759 3047 795 3090 ac
817 3026 912 3110 magis
935 3027 966 3091 in
989 3025 1025 3088 eit
1039 3024 1087 3088 vit
1101 3029 1328 3112 progrediemur
1341 3052 1436 3116 qnam
1455 3032 1495 3110 illi

362 3113 462 3178 ‘nobis
476 3131 559 3179 tanto
569 3114 667 3180 studio
680 3114 871 3178 muniuerunt
887 3114 899 3174 i
1407 3177 1410 3179 Α

417 3201 465 3264 Ac
482 3199 603 3266 demtim
618 3201 649 3266 id
663 3222 741 3265 nunc
754 3195 889 3284 quaeram
911 3197 951 3262 ab
976 3199 1088 3282 coqui
1112 3198 1183 3264 huic
1206 3203 1344 3287 opinioni
1365 3193 1494 3268 maximi

269 3309 277 3322 ¹
375 3283 555 3350 adversatur.
598 3285 647 3350 En
659 3288 767 3370 aliqnae
782 3283 1286 3354 adulterationes&emendationes
1299 3310 1380 3372 quas
1390 3291 1495 3374 collegi,
1529 3278 1530 3347 l

374 3372 457 3455 apud
470 3371 654 3457 Scioppium,
676 3375 729 3458 qni
757 3373 793 3436 de
820 3368 878 3436 hic
902 3370 1064 3436 esdem're
1079 3372 1250 3456 disputavit.
1293 3373 1383 3441 Mihi
1406 3379 1493 3442 risum
1529 3380 1530 3431 1

378 3456 421 3522 est
437 3459 526 3524 latina
547 3461 684 3545 exempla
697 3457 763 3524 sore
781 3457 810 3522 dt
830 3457 986 3522 notiora&
1001 3457 1159 3526 illustriora
1172 3461 1265 3546 duim
1287 3482 1402 3546 graeca,
1439 3455 1494 3530 Less
1529 3456 1530 3493 l

267 3549 270 3556 '
377 3545 460 3626 gitur
481 3548 512 3610 in
533 3545 636 3612 codice
660 3545 861 3628 manuscripto
891 3545 1034 3616 Petronii,
1070 3543 1274 3612 Trimulrionis
1299 3564 1423 3634 topanta
1448 3551 1491 3634 est,

379 3651 436 3714 pro
450 3634 479 3694 T
475 3628 646 3698 rimalcirnis
649 3629 822 3718 sycophanta
835 3631 874 3715 est
888 3657 898 3706 ;
921 3631 953 3696 in
966 3630 1070 3695 codice
1083 3635 1214 3698 Cornelii
1230 3632 1379 3718 Nepotis,
1404 3637 1494 3701 deind
1529 3650 1530 3661 ¹

378 3716 487 3790 celiam,
511 3737 566 3800 pro
590 3713 688 3782 deinde
697 3715 857 3785 Deceliam.
900 3721 1029 3802 Legitur
1052 3739 1174 3804 quoque
1194 3723 1226 3784 in
1254 3721 1356 3785 Plauti
1387 3745 1490 3787 manu·

377 3797 495 3886 scriptis
508 3800 671 3880 codicibus,
694 3825 742 3866 nec
756 3803 878 3864 reddant
897 3803 998 3882 alteri,
1021 3823 1077 3887 pro
1098 3829 1134 3869 ne
1157 3807 1281 3871 credant
1301 3807 1415 3885 alteri3
1436 3830 1490 3872 carr

379 3887 464 3949 auris
477 3885 574 3962 crurib,
597 3909 651 3972 pro
665 3883 737 3952 cum'
749 3887 841 3949 armis
865 3889 964 3954 aureis
980 3915 989 3965 ς
1010 3891 1040 3953 in
1053 3891 1210 3956 codicibus
1225 3891 1420 3974 Symmachi,
1433 3917 1489 3958 anr-

378 3981 503 4046 mortuo,¹
520 3993 576 4055 pro
594 3974 686 4038 animo
709 3985 775 4043 tuor
807 3972 868 4036 tim
877 3972 1015 4060 speratis,
1038 3997 1093 4060 pro
1106 3977 1320 4068 srrmpsercti53
1341 3980 1490 4069 sporfirert

378 4053 497 4132 nititur,
520 4079 575 4140 pro
591 4057 719 4144 sporfire
745 4077 788 4118 me
813 4057 943 4134 nititur3
955 4061 996 4146 fir
1018 4065 1161 4147 temporis,
1185 4062 1304 4213 inoff
1336 4065 1488 4152 temporist

378 4141 532 4222 expectatio
556 4167 591 4206 ne
610 4137 744 4218 vicisim,
764 4144 822 4222 'pro
845 4145 1034 4226 espelteriine
1060 4147 1209 4236 uiciſsim
1291 4152 1390 4214 eodoro
1413 4147 1489 4221 medis

295 4293 299 4304 1
378 4241 435 4323 pro
449 4224 588 4294 Theodoro
600 4251 642 4290 me
672 4251 708 4290 co.
785 4249 895 4291 uaeram
910 4231 1115 4314 igitnriviro
1130 4236 1238 4300 timido
1252 4239 1399 4304 nimis&
1418 4230 1486 4299 mal&

379 4307 516 4392 religioso
528 4313 583 4394 qui
603 4329 682 4376 vetat
697 4332 787 4376 emen
809 4317 851 4378 ari
866 4330 966 4380 textus
976 4319 1196 4387 adulteratosli
1220 4343 1283 4387 non
1305 4321 1387 4388 adfit
1410 4321 1486 4387 codi-

378 4412 448 4457 cum
470 4395 735 4485 manuscriptorum
757 4399 943 4467 audierimus
975 4405 1047 4472 idne
1072 4408 1209 4497 religioni
1232 4411 1326 4476 ducet
1355 4399 1488 4558 barbelssrg
