3250 5259
302 554 1180 711 'verinunrmm

243 776 246 785 '
326 772 474 845 aretenti,
487 773 567 835 illam
581 772 651 841 aeris
665 772 759 853 gravis
770 772 987 855 appellationem
997 776 1091 855 primo
1099 772 1240 836 invediatn
1254 771 1329 833 elle,
1361 766 1471 833 Postea

327 874 418 933 quum
440 852 537 911 affibus
551 853 802 913 unci<‹tibusfauis
817 869 922 913 mutata
946 856 1010 914 effer
1031 856 1124 929 allium
1146 853 1181 913 ad
1201 852 1355 918 denarium
1376 848 1471 920 ratio,
1548 895 1549 926 r

225 1002 238 1015 ‚.
325 950 390 993 tum
410 932 523 992 demum
537 933 661 993 dicemus
675 932 907 993 advocatumeffe
934 955 979 996 aes
999 955 1083 1015 grave
1104 933 1138 991 ad
1164 927 1474 1011 exprimendasprae·

326 1012 414 1073 sentis
437 1010 578 1095 pecuniae
604 1013 737 1087 summas,
762 1028 794 1071 ut
810 1033 870 1072 mos
891 1006 999 1091 priscus
1012 1011 1245 1073 aestimandarum
1266 1006 1470 1089 pecuniarum

323 1090 440 1171 pullice
453 1089 629 1149 retineretur.
953 1156 958 1165 Ι

329 1176 332 1181 “
370 1168 460 1245 Qtod
475 1170 606 1228 hocloco
620 1170 761 1247 ponimus,
783 1167 1021 1249 quemadmodum
1040 1169 1164 1229 fatemur
1182 1166 1272 1229 nullis
1285 1162 1396 1225 adstrui
1414 1160 1468 1221 di.

233 1265 256 1277 ’·
326 1246 407 1307 fertis
427 1262 554 1305 veterum
565 1248 739 1325 testimoniis,
763 1249 802 1307 ita
826 1248 913 1307 nullis
925 1246 1143 1339 quoque‘everti
1164 1244 1470 1325 poileexistimamus.

326 1324 394 1385 Into
413 1320 545 1385 nonnihil
569 1327 645 1385 favet
667 1327 748 1385 nobis
772 1344 930 1405 temporum
954 1344 1038 1385 ratio.
1077 1328 1203 1417 Exque
1224 1324 1303 1385 enim
1328 1338 1470 1399 ternpore

193 1428 198 1449 ι
281 1458 284 1465 ,
326 1404 435 1465 constat
456 1404 522 1462 alles
544 1404 726 1465 sextantarios
751 1406 840 1467 lacios
856 1406 917 1478 elle,
939 1405 970 1464 id
989 1404 1164 1484 est‚aprim1
1179 1402 1283 1464 Punici
1305 1400 1378 1461 belli
1391 1400 1470 1469 fine,

327 1484 421 1561 prima
440 1482 546 1541 mentio
569 1483 639 1550 aeris
664 1482 757 1561 gravis
771 1483 892 1562 occurrit
905 1484 982 1562 apud
992 1482 1123 1551 Livium,
1138 1485 1158 1540 l.
1175 1504 1232 1542 xxt
1242 1504 1268 1542 1.
1280 1502 1309 1539 c.
1337 1500 1386 1557 33.
1400 1475 1473 1557 post

326 1561 482 1641 depofitnm
498 1580 515 1619 a
533 1564 581 1639 Q
596 1562 681 1621 Fabio
695 1562 827 1621 Maximo
836 1562 1011 1632 didaturam,
1029 1582 1089 1642 quo
1102 1561 1239 1621 distatore
1260 1558 1381 1619 Plinius
1393 1576 1472 1615 auc·

327 1654 375 1699 tor
394 1634 432 1698 est
449 1641 542 1699 rursus
564 1640 746 1699 imminutum
757 1642 808 1699 else
820 1640 914 1700 aliium
927 1642 1047 1719 pondus,
1074 1646 1100 1698 dc
1114 1640 1149 1698 ad
1168 1639 1283 1699 unciam
1298 1638 1469 1707 redactum,

325 1716 467 1798 fimulque
480 1736 616 1777 mutatam
630 1718 682 1779 elle
695 1719 788 1777 affium
802 1720 837 1778 ad
854 1718 1001 1778 denarium
1020 1718 1167 1790 tationem,
1189 1735 1223 1777 ut
1236 1713 1379 1776 sexdecim
1393 1715 1470 1775 ass'es

325 1794 358 1855 in
385 1797 530 1855 denarium
556 1796 812 1857 contribuerentur.
851 1796 952 1877 ltaque
977 1796 1068 1871 prima
1090 1796 1198 1855 mentio
1221 1796 1296 1856 aeris
1318 1793 1422 1872 gravis
1435 1792 1474 1851 in

283 1877 285 1881 ’
327 1874 480 1951 praesentis
502 1875 638 1953 pecuniae
656 1875 812 1935 rationibus
823 1875 854 1933 in
864 1896 954 1935 unum
972 1874 1105 1955 idemque
1116 1876 1230 1953 teinpus
1242 1872 1383 1952 congruit
1395 1891 1476 1932 cum

332 1968 441 2010 mutata
461 1952 553 2012 allium
573 1954 607 2011 ad
621 1954 766 2012 denarium
778 1955 895 2014 rarione.

174 2034 341 2113 Arrapha!
371 2030 414 2089 Ut
422 2028 513 2106 'igitur
526 2031 621 2112 paucis
639 2034 841 2091 ‘contrahamus
854 2024 967 2111 eaquae
980 2047 1040 2091 tota
1049 2031 1103 2105 hac
1115 2030 1307 2109 disputatione
1316 2028 1480 2107 complexi

172 2108 263 2194 hasta
331 2108 438 2199 sumus,
471 2107 526 2167 tria
558 2109 635 2169 baud
665 2109 892 2189 improbabiliter
918 2110 1030 2170 deliniri
1068 2109 1144 2188 poffe
1166 2110 1312 2174 credimus
1339 2112 1378 2168 de
1392 2127 1478 2168 'aere

348 2208 419 2249 taut.
1205 2237 1207 2242 .
1460 2206 1463 2216 ·

271 2272 274 2279 '
326 2212 346 2271 g
376 2266 423 2326 1⁰.
437 2264 494 2323 Ae's
505 2285 592 2343 grave
607 2266 718 2324 nullum
733 2263 838 2325 diuum
851 2264 919 2338 fuit,
932 2265 1022 2330 donec
1034 2266 1161 2325 levatum
1174 2265 1214 2325 est
1226 2266 1325 2328 afliurn
1339 2264 1479 2345 pondus.

320 2393 321 2397 ,
375 2346 423 2407 2⁰.
444 2342 552 2406 Allibus
576 2342 847 2417 sextantariisfadl'ts,
866 2344 944 2418 aeris·
959 2343 1053 2422 gravis
1066 2344 1222 2422 appellatio
1235 2344 1422 2406 incedis-fuit
1436 2342 1478 2405 ad

270 2433 274 2447 '
332 2422 517 2501 designandos
539 2420 605 2481 asses
618 2422 741 2493 librales,
761 2422 813 2501 qui
836 2439 918 2481 antea
937 2420 968 2480 in
991 2422 1043 2479 usu
1065 2422 1189 2482 fuerant.
1229 2424 1347 2483 Verum
1367 2424 1479 2491 nullus

238 2565 240 2568 ,
279 2530 297 2543 ·»
333 2518 397 2561 tum
421 2502 483 2579 ejus
502 2499 699 2578 appellationis
718 2500 784 2561 usus
807 2501 863 2559 fuir
885 2500 916 2558 in
936 2498 1050 2557 summis
1086 2501 1276 2577 pecuniarum
1297 2522 1378 2583 quae
1404 2517 1479 2563 tum

314 2578 550 2649 conficerentur,
569 2578 616 2636 fed
637 2593 749 2647 tantum
763 2577 815 2637 ubi
827 2580 916 2637 sermo
928 2578 992 2637 effet
1015 2576 1051 2635 de
1071 2597 1135 2637 aere
1147 2591 1241 2651 vetere
1267 2580 1342 2639 olim
1350 2580 1482 2641 ufitato·

387 2658 434 2733 30.
457 2656 564 2713 Affibus
588 2656 750 2714 uncialibus
772 2655 864 2723 factis,
886 2660 912 2712 δι
937 2671 1045 2714 mutata
1064 2655 1158 2715 affium
1184 2658 1220 2716 ad
1247 2657 1404 2717 denarium
1427 2678 1482 2717 ra·

264 2760 284 2783 ¹«
331 2734 423 2807 tione,
445 2747 596 2809 coeperunt
608 2732 729 2791 Romani
743 2732 786 2791 uti
799 2731 986 2813 appellatione
1008 2732 1102 2809 gravis
1128 2734 1200 2794 aeris
1222 2734 1256 2795 in
1292 2736 1482 2797 raesentibus

254 2826 256 2829 “
298 2829 303 2851 -’
332 2812 423 2873 etiam
449 2810 632 2889 pecuniarum
663 2809 832 2884 rationibus,
852 2826 886 2870 ut
917 2811 1068 2868 retinerent
1093 2813 1215 2887 priscam
1229 2758 1483 2876 aellimandarum

332 2886 519 2970 pecuniarum
542 2885 793 2957 consuetudinem
816 2890 931 2965 ejusque
945 2885 1066 2964 pretium
1082 2887 1168 2960 idem,
1199 2891 1257 2949 uod
1271 2894 1399 2972 semper,
1421 2894 1484 2958 eile

242 3032 244 3039 ,
334 2972 500 3038 voluerunt,
520 2983 553 3025 ut
576 2963 671 3023 decem
681 2964 750 3023 aeris
763 2965 858 3043 gravis
871 2984 923 3043 pro
937 2985 993 3021 uno
1004 2964 1121 3023 denario
1140 2912 1337 3031 ambularent.
1365 2975 1482 3033 Tunc·

351 3058 397 3104 'ue
417 3064 464 3103 aes
481 3065 577 3123 grave,
600 3062 657 3101 non
676 3040 732 3101 fuit
752 3063 895 3113 nummus,
913 3039 1091 3118 nonpot'tdus
1104 3046 1249 3124 quoddam
1264 3068 1371 3122 verum
1384 3051 1483 3123 neria¹
1548 3095 1549 3100 ,

335 3068 386 3185 ded
399 3142 507 3181 merum
528 3140 642 3191 nomen,
663 3139 739 3179 mera
750 3120 913 3197 appellatio,
931 3120 1168 3197 quemadmodum
1189 3126 1267 3215 apud
1290 3147 1346 3190 nos
1372 3130 1483 3201 denier,

331 3200 433 3285 pistule,
457 3202 513 3272 scu,
533 3204 603 3259 livre
620 3192 751 3267 numnis,
770 3198 875 3277 quibus
889 3196 1053 3255 nominibus
1079 3199 1189 3278 utimur
1206 3224 1238 3262 m
1266 3204 1485 3283 concipiendis

274 3334 275 3337 ,
338 3277 523 3361 pecuniarum
542 3274 709 3349 rationibus,
730 3275 909 3336 licet'nullus
927 3275 967 3338 eis
992 3277 1152 3340 examuffim
1169 3273 1272 3354 aeteus,
1299 3299 1483 3363 argenteus,

338 3355 473 3429 aureulve
493 3372 625 3417 nummus
639 3354 813 3437 respondeat.
1113 3406 1116 3409 ,
1335 3410 1337 3413 ⁴
1425 3359 1434 3370 ·

393 3452 396 3459 ·
463 3467 468 3479 ·
536 3444 540 3453 ’
938 3429 1006 3490 'Ex
1018 3431 1087 3493 edit.
1107 3427 1493 3522 Lir.aCrerier.in4to.⁴
