3250 5259
351 581 389 647 3²
661 547 781 629 Nie'.
818 519 1113 632 'nidum
1216 557 1222 570 ’

605 726 692 792 -Ar
711 751 786 791 nunc
802 728 953 792 horrentia
967 728 1098 795 Mortis.

262 858 266 866 ι
350 837 422 901 quae
437 831 534 880 tamen
550 815 674 878 Veteres
704 817 866 899 neglexille
891 834 973 899 patet
999 839 1039 882 etc
1063 817 1228 890 Prilciaoo,
1258 815 1313 901 qui
1338 815 1484 882 uminum

349 907 509 968 duodecim
526 903 670 966 AEneidos
687 905 898 986 principalium
919 905 1092 988 principem
1111 902 1183 970 citat
1204 903 1298 987 Arma
1326 904 1488 988 virumque

347 1015 426 1058 cano.
442 1011 540 1086 neque
561 989 644 1054 aliud
663 993 762 1076 operis
782 990 884 1056 eximii
901 993 1082 1078 principium
1096 1010 1261 1078 agnoverat
1282 993 1433 1057 Martialis
1452 993 1484 1054 in

346 1099 409 1144 xiv.
1089 1106 1093 1134 =

476 1162 577 1250 Accipe
582 1162 714 1248 fucandi
729 1163 852 1227 Culicem
855 1151 980 1253 studiose
991 1164 1143 1243 toronis,

431 1250 480 1316 Nc
502 1251 588 1333 nugis
598 1249 695 1335 pofitir
709 1248 802 1314 Arma
816 1248 972 1333 uirumque
993 1274 1093 1318 conos.

345 1341 441 1426 Quod
453 1339 475 1404 fi
487 1341 555 1422 quis
569 1354 728 1418 componat
741 1359 812 1401 cum
827 1337 878 1398 illo
888 1340 1011 1404 Homeri

636 1421 724 1495 Miluo
748 1419 822 1490 ἄειδε
847 1419 1066 1497 isaim-3·-

342 1527 447 1595 lcntiet
470 1545 541 1598 cum
558 1523 713 1604 Juvenale,
736 1520 849 1604 aliquid
864 1521 920 1584 oll'e
940 1517 970 1578 in
989 1519 1157 1601 virgiliano
1181 1527 1331 1609 principio
1353 1523 1475 1588 horrifi-

341 1635 423 1689 cum,
445 1611 689 1692 &tduthydros
706 1625 801 1694 poetae
811 1611 943 1672 crinibus
958 1606 1098 1675 intextos.
1121 1611 1390 1696 Quemadmodum
1402 1631 1477 1674 veto

341 1705 372 1768 iu
388 1701 499 1766 Nlart'is
528 1699 679 1764 Homerici
700 1698 842 1760 indecora
866 1693 1079 1761 vociferatione
1097 1702 1249 1782 quaedam,
1272 1698 1293 1761 fi
1318 1703 1364 1763 ita
1388 1699 1476 1781 loqui

339 1788 453 1868 faseli,
476 1785 652 1859 absurditate,
676 1786 718 1846 ita
746 1787 840 1848 etiam
867 1785 897 1844 iu
912 1781 1029 1863 Virgilii
1051 1787 1184 1870 Cyclope
1207 1789 1321 1852 vanitas
1350 1789 1475 1872 poetica

273 1916 279 1932 .
337 1877 576 1960 reprehenditur.
639 1869 790 1936 Describit
818 1871 961 1955 Virgilius
990 1875 1067 1951 Aen,
1091 1874 1137 1938 iii.
1166 1879 1318 1960 ingentem
1345 1874 1473 1938 oculum

336 1964 524 2046 Polyphemi,
549 1959 578 2022 ἃ
592 1959 678 2022 fuisse
692 1961 733 2020 ait

424 2046 551 2128 Argolici
566 2045 651 2129 clypei
672 2058 725 2106 aut
741 2043 879 2107 Phoeteae
898 2043 1038 2128 lampadis
1053 2048 1155 2131 irytar.

336 2137 486 2221 Juvenalis
510 2133 606 2196 noller
630 2131 816 2196 mendacium
834 2133 984 2214 poeticum
1009 2137 1160 2198 rhetorico
1182 2133 1340 2197 mendacio
1366 2154 1471 2215 repet·

335 2227 430 2300 collat,
454 2223 532 2284 dixit
551 2221 630 2284 enim
645 2220 719 2281 adeo
743 2222 834 2282 latam
852 2214 936 2280 futile
950 2220 1030 2284 illius
1041 2221 1122 2284 oculi
1145 2223 1248 2294 aciem,
1274 2238 1309 2283 ut
1335 2242 1388 2301 per
1402 2241 1470 2282 eam

337 2310 450 2394 Ulylles
471 2308 614 2382 evaserit3
638 2319 730 2388 atque
758 2308 817 2369 hoc
834 2326 927 2387 quam
952 2309 1105 2391 inopinate
1123 2334 1133 2384 ;
1154 2308 1199 2371 cst
1226 2309 1306 2370 enim
1321 2310 1382 2389 (ix.
1399 2305 1474 2392 63.)

333 2402 394 2464 illic
409 2397 505 2462 sermo
519 2397 557 2459 de
572 2397 746 2476 importuno
759 2410 908 2477 rogatore,
931 2415 1023 2475 quem
1036 2397 1125 2460 »dives
1144 2397 1254 2478 aliquis
1264 2398 1413 2477 increpat,
1426 2395 1466 2473 bt,

506 2482 652 2566 Improbat
672 2501 700 2542 os
713 2503 776 2542 cion
781 2479 878 2568 poscis,
899 2480 1043 2544 ait.-·-
1470 2514 1474 2522 ·

331 2573 382 2638 ille
395 2585 495 2637 summ
515 2568 691 2632 obstinatius
702 2585 789 2651 urget
809 2589 818 2629 ε
841 2565 987 2652 (1263.)
1535 2552 1538 2623 l

744 2680 747 2694 ·
759 2653 862 2716 -Sed
867 2653 959 2737 ptnfio
972 2655 1087 2731 clamat,
1535 2626 1537 2683 l

341 2763 344 2774 ’
420 2741 514 2831 Posce,
535 2739 592 2826 sai
600 2740 725 2824 appelant
734 2754 810 2824 pater
819 2741 930 2817 unitus,
954 2754 987 2802 ut
1001 2740 1073 2823 Poly
1091 2741 1167 2806 hemi
1534 2704 1536 2767 l

418 2829 499 2892 Lora
513 2826 598 2899 acies,
615 2839 678 2910 per
691 2823 867 2911 quamfitlert
882 2825 972 2910 evraſst
987 2826 1044 2908 Uly
1064 2852 1103 2892 et.
1533 2792 1535 2851 l

236 2937 240 2944 ·
330 2924 446 3004 Cogor,
469 2915 579 2999 iuquit,
602 2911 792 2995 improbe&
808 2914 998 2994 pervicaciter
1013 2912 1141 2995 poscere,
1162 2914 1234 2995 quia
1255 2909 1352 2995 poscit
1376 2932 1394 2975 a
1414 2935 1463 2978 me
1532 2912 1534 2935 ¹

329 3008 423 3070 diaria
439 3023 521 3086 puer,
544 3003 597 3083 qui
611 3001 687 3063 mihi
702 2999 781 3062 solus
796 2999 838 3062 cll
850 2997 970 3062 familia.
1017 3004 1076 3064 Sed
1092 3002 1166 3085 quid
1179 3002 1268 3062 unico
1285 3022 1382 3082 puero
1391 3024 1463 3064 cum
1530 3058 1532 3105 y

328 3091 502 3174 Polyphemi
530 3089 642 3151 oculo?
673 3088 844 3162 Nimirum,
875 3103 940 3149 erat
965 3088 1013 3151 illi
1044 3089 1153 3154 mileto
1179 3108 1254 3168 puer
1283 3090 1403 3165 unicus,
1429 3105 1464 3151 ut
1529 3144 1530 3189 y

326 3181 434 3244 unicus
449 3177 634 3258 Polyphemo
646 3176 778 3248 oculus;
802 3175 919 3255 dequo
936 3176 1103 3260 mythologi
1119 3175 1310 3239 tradiderunt
1322 3177 1395 3251 alia,
1409 3174 1461 3238 sed
1528 3222 1530 3273 y

328 3269 395 3330 haec
418 3265 575 3348 inprimis:
595 3263 772 3325 ¹utroculum
800 3258 888 3322 fuilse
916 3264 1147 3345 Polyphemum,
1169 3282 1246 3326 cum
1275 3276 1379 3326 umen
1401 3281 1460 3326 tres
1527 3314 1529 3357 y

327 3356 450 3418 haberet
467 3352 594 3424 oculos;
617 3367 711 3411 unum
734 3350 765 3410 in
784 3345 894 3423 fronte,
916 3370 1006 3429 quem
1029 3351 1172 3434 Virgilius
1189 3350 1329 3432 depingit
1352 3353 1459 3434 ingen-

327 3458 388 3504 tem
414 3439 503 3504 iustar
534 3437 636 3500 Graeci
661 3436 762 3518 clypei
790 3453 842 3497 aut
873 3433 945 3498 dilci
973 3439 1110 3513 lunaris3
1131 3437 1259 3499 alterum
1291 3437 1324 3498 in
1343 3442 1457 3513 animo,

325 3527 435 3590 scilicet
453 3541 583 3590 mentem
611 3525 797 3597 acerrimam,
833 3545 904 3604 quae
922 3520 966 3587 est
989 3529 1021 3590 in
1049 3527 1149 3588 animo
1167 3523 1255 3586 licut
1276 3523 1400 3612 pupilla
1418 3528 1457 3598 ,iu

328 3615 440 3688 ocul03
466 3611 585 3676 tertium
611 3613 640 3674 in
657 3611 729 3694 Elpe
752 3615 840 3675 urtica
860 3611 932 3685 filia,
952 3634 1045 3695 quam
1073 3613 1154 3674 velut
1183 3613 1307 3674 unicum
1330 3613 1455 3676 oculum

325 3703 413 3764 unice
427 3700 582 3783 diligebat.
627 3702 712 3781 Ergo
735 3697 846 3780 Ulyffis
861 3697 924 3761 astu
946 3699 1156 3765 infeliciffimus
1172 3700 1376 3780 Polyphemus
1395 3721 1454 3762 non

325 3788 423 3869 stipite
438 3785 577 3870 praeusto,
600 3781 652 3847 sed
676 3784 750 3848 meri
766 3785 794 3846 bt
809 3788 917 3847 amoris
932 3785 1029 3870 ignca·
1042 3789 1072 3849 ui
1085 3787 1181 3850 tribus
1205 3785 1302 3849 oculis
1313 3808 1453 3869 unacap·

325 3890 373 3936 tus
387 3874 452 3950 est;
477 3893 544 3936 nam
572 3870 715 3935 exhausto
740 3875 886 3936 incautius
904 3876 1058 3957 capaciore
1084 3873 1195 3955 poculo
1220 3873 1335 3949 ebrius,
1357 3872 1453 3957 sopori

323 3961 408 4043 quast
431 3961 515 4024 letho
530 3961 617 4022 datus
629 3958 831 4034 obdormivit,
853 3960 1019 4026 luminis&
1041 3964 1149 4024 mentis
1164 3963 1266 4044 vigore
1281 3959 1452 4044 aliquantil-

321 4067 374 4127 per
395 4065 535 4112 mortno:
559 4050 728 4127 intereaque
753 4049 826 4108 dum
858 4047 1028 4126 edormiret,
1051 4049 1171 4110 dimotis
1199 4049 1279 4110 antri
1305 4049 1453 4132 repagulis

322 4135 440 4214 Ulylles
460 4153 601 4196 unacum
617 4130 674 4194 luis
689 4133 797 4208 evafit;
820 4134 841 4195 ii
857 4155 929 4196 vero
941 4135 1091 4220 fugientes
1107 4137 1203 4222 Elpco
1231 4139 1344 4201 amoris
1364 4135 1452 4199 oellro

321 4224 462 4301 percitam
477 4220 783 4284 lecumabduxerunt.

418 4307 534 4400 ..llupl
553 4302 793 4401 {pottaoluuro
817 4308 866 4377 riu
883 4307 1045 4405 inpetigo,
1152 4338 1155 4343 ⁴

328 4459 330 4466 ,
395 4447 405 4458 .,
426 4399 479 4466 Hb
496 4403 561 4492 εἶχε
588 4400 690 4496 τρόπον
711 4400 872 4497 ὅφθαλμῖἷ,
901 4399 1099 4500 signaiooiuctc·
