3250 5259
174 499 180 514 ·
434 520 435 526 ,
570 463 625 530 10.
642 459 741 526 Avoz
760 453 1177 533 nhunsmxcvasvs
1210 467 1236 526 l.
1287 499 1296 521 .
1346 479 1350 484 ’

188 615 191 622 ’
233 616 245 630 ’
326 634 403 696 riori
429 633 548 718 agmine
570 635 770 721 intelligendi.
816 635 910 702 Addit
933 627 1334 721 enimt'interim,'repe'rt'is
1350 633 1453 711 nodis,

326 720 404 783 eluro
416 719 634 810 Gonniunitten,
656 739 684 787 ot
699 725 773 806 quod
781 723 909 806 pediturn
934 720 1148 784 Germanorum
1163 723 1241 786 inter
1262 721 1366 803 nstros
1388 744 1454 784 me·
1472 729 1476 735 ’

323 807 415 882 ector,
430 799 618 890 circumgredi
632 825 714 892 tergo
727 809 947 892 loosliuoriulot.
970 803 1452 892 Atquihiluntpeditesctequi·
1496 873 1501 886 ,
1527 826 1528 873 l

327 907 373 956 tes
396 895 565 969 auxiliares,
587 917 664 981 quos
692 895 853 962 acciverat.
890 899 973 978 Ergo
994 898 1087 956 mam
1101 893 1152 956 illa
1172 897 1279 980 vexilla
1290 893 1452 976 legionum

328 997 381 1062 per
396 1000 518 1064 aggeres
535 983 601 1048 illos
616 975 782 1068 pontesque
796 983 942 1059 traduila,
965 996 997 1044 et
1010 983 1152 1065 gravioris
1176 985 1303 1065 agminis
1325 983 1453 1046 nomine

327 1069 628 1151 comprehenduntur.
654 1076 694 1142 ΙΙ,
709 1093 756 1138 11.
773 1069 864 1135 milite
877 1091 916 1132 eu
931 1070 1007 1132 urbe
1023 1067 1146 1150 quinque
1158 1071 1316 1134 cohortibus
1322 1082 1446 1152 proete-

299 1229 303 1236 ι
330 1152 396 1230 riis,
417 1153 523 1237 legione
532 1157 631 1242 priora
641 1175 670 1222 et
689 1159 816 1244 equitum
828 1155 954 1228 uexillis,
978 1155 1187 1240 praeficiuntur
1202 1160 1321 1220 Annius
1336 1157 1448 1226 Gallus
1527 1188 1528 1241 r

329 1254 360 1300 et
374 1244 533 1325 Spurinna,
549 1243 590 1308 ita
605 1261 639 1308 ut
656 1244 692 1310 iis
705 1249 808 1328 copiae
819 1244 1001 1306 dividantur.
1046 1241 1114 1305 l‘oli
1136 1265 1165 1308 c.
1208 1242 1256 1307 ι8.
1299 1242 1450 1326 Spurinna
1527 1248 1528 1295 l

329 1325 442 1394 diuum
455 1332 587 1396 habuille
612 1334 665 1396 tris
684 1335 835 1406 cohortes,
858 1331 939 1394 mille
948 1331 1127 1406 vexillarios,
1148 1347 1180 1394 et
1192 1350 1303 1413 paucos
1314 1331 1446 1410 equites.

325 1434 354 1480 c.
377 1435 430 1502 23.
471 1421 589 1482 Annius
614 1420 721 1482 Gallus
744 1421 888 1482 auxilium
917 1417 1078 1501 Spurinnae
1096 1418 1212 1483 laturus
1239 1419 1350 1480 dicitur
1373 1415 1449 1500 pri·

327 1503 544 1586 mmlegiooeon
561 1510 591 1570 in
608 1509 751 1587 auxilium
778 1505 901 1570 duxiile.
947 1502 1033 1568 Vnde
1056 1507 1151 1588 igitur
1174 1506 1218 1570 illi
1244 1505 1328 1568 mille
1351 1502 1448 1566 vexil-

328 1589 416 1654 larii?
440 1595 510 1655 hlon
539 1613 557 1657 e
587 1595 706 1680 legione
728 1597 845 1678 prima?
869 1595 959 1654 Favet
981 1594 1071 1656 etiam
1085 1595 1169 1657 locus
1198 1613 1238 1656 ex
1266 1595 1305 1657 ll.
1327 1593 1370 1666 ll,
1396 1609 1448 1668 24·

250 1687 254 1697 '
326 1693 394 1741 ante
415 1677 528 1755 allatus,
551 1682 604 1746 ubi
628 1681 772 1746 vexillarii
798 1681 922 1764 legionis
945 1683 1021 1746 xtlt
1043 1700 1116 1743 curn
1140 1680 1336 1745 auxiliaribus
1351 1682 1454 1741 latera·

326 1766 398 1828 aciei
414 1782 530 1852 tegunt,
554 1770 639 1852 quod
656 1767 784 1832 nonnisi
812 1771 851 1831 de
875 1767 1043 1849 legionariis
1066 1768 1192 1851 intelligi
1218 1763 1320 1852 potell.
1351 1767 1447 1830 ,Nam
1527 1790 1528 1793 ¹

327 1869 444 1933 praeter
466 1855 628 1924 ,auxiliares
655 1857 740 1932 nulli,
763 1858 876 1939 quibus
901 1853 960 1916 tale
977 1854 1053 1936 quid
1068 1854 1237 1918 mandetur.
1279 1851 1450 1916 Plauillirne
1527 1864 1528 1943 l

328 1955 427 2002 autern
443 1942 621 2024 intelligitur
634 1965 652 2007 e
665 1944 747 2019 locis,
769 1945 801 2007 in
826 1942 939 2026 quibus
960 1941 999 2003 de
1024 1941 1065 2026 ils
1090 1941 1133 2004 ita
1151 1942 1293 2026 loquitur·
1302 1941 1450 2014 Tacitus,
1527 1964 1528 1975 ¹

330 2039 366 2092 ttt
388 2027 426 2090 de
455 2041 539 2109 parte
563 2031 717 2114 legionum
740 2047 831 2114 atque
850 2032 939 2092 etiam
954 2029 1134 2091 cohortium.
1160 2032 1188 2092 L
1223 2025 1382 2094 tlt-nist.
1406 2026 1451 2109 48
1527 2024 1528 2111 ζ

330 2109 485 2176 vexillarii
496 2108 511 2176 e'
524 2113 628 2197 legione
644 2134 857 2190 memorantur,
880 2131 920 2191 et,
943 2118 997 2198 qui
1017 2116 1101 2179 locus
1114 2117 1203 2180 valde
1223 2113 1408 2200 perspicuus,
1421 2137 1450 2180 e.
1527 2144 1528 2147 ¹

331 2194 574 2264 bocolortibur:
596 2206 716 2268 Antonio
744 2202 912 2268 vexillarios
927 2227 942 2266 e
955 2201 1122 2279 cohortibus,
1144 2217 1296 2289 etporteon
1319 2201 1449 2284 equiturn
1527 2240 1528 2287 r

280 2319 282 2328 ·
329 2285 373 2349 ud
397 2283 587 2352 invadendam
604 2289 722 2354 Italiam
744 2291 870 2376 rapienti
894 2307 951 2353 etc.
996 2292 1090 2352 Ecce'
1104 2291 1159 2353 tibi
1178 2289 1309 2372 primum
1338 2289 1450 2353 militet
1527 2290 1528 2345 l

332 2371 522 2454 legionarios,
542 2375 650 2440 deinde
665 2397 702 2440 ex
726 2379 794 2462 ipsrs
807 2377 982 2442 cohortibus
1006 2376 1128 2452 sumtoa,
1150 2380 1203 2460 qui
1223 2377 1262 2439 ad
1283 2392 1446 2440 certasco·
1527 2380 1528 2401 l

330 2459 433 2522 hortea
445 2453 633 2540 referrentur,
656 2462 803 2550 essentque
825 2481 920 2547 partes
934 2464 1102 2527 cohortium
1116 2480 1208 2548 atque
1220 2465 1297 2528 adeo
1307 2465 1446 2548 legionis.

329 2545 455 2628 Quibus
468 2547 539 2610 locis
561 2569 598 2612 ne
620 2566 757 2634 utantur,
771 2553 833 2634 ¹qui
856 2549 986 2614 deleiios
999 2566 1030 2612 et
1042 2552 1199 2636 decerptos
1212 2574 1230 2615 e
1243 2552 1363 2636 legione
1382 2551 1447 2632 (de
1527 2546 1528 2571 ¹

327 2633 515 2715 tachentens)
532 2632 658 2714 faciunt,
681 2640 834 2704 rideamus
848 2638 983 2713 tandem,
1005 2637 1141 2721 quaettta
1154 2640 1308 2724 legionum
1333 2653 1366 2702 et
1387 2659 1449 2701 co-·
1526 2662 1527 2683 ³

329 2718 463 2782 hostiurn
475 2737 553 2802 prro,
574 2724 670 2788 oollra
686 2727 724 2789 de
739 2729 890 2798 sententia,
913 2723 1013 2787 fuerit.

225 2885 229 2896 ι
374 2807 452 2870 Dico
460 2807 553 2890 igitur
563 2813 661 2886 tertio,
686 2810 1065 2899 Vexilloriossuiffetirones
1085 2813 1117 2875 in
1136 2810 1301 2894 legionibus,
1323 2813 1449 2900 eosdem·
1486 2887 1493 2903 Ι

293 2939 296 2943 -
330 2915 394 2978 que,
415 2893 467 2977 qui
478 2895 543 2959 olion
556 2895 672 2980 leniori.
716 2901 751 2963 ld
779 2901 907 2963 emodis
933 2897 1076 2980 loquendi
1098 2899 1290 2973 Cornelianis,
1313 2921 1443 2963 eornm-

328 3001 390 3063 que
402 2985 582 3058 muneribus,
605 2985 801 3051 demonstrare
826 3007 882 3049 me·
900 2985 976 3068 polle
1001 2981 1095 3066 spero.
1139 2991 1183 3050 Ac
1199 2988 1328 3068 primum
1344 2988 1444 3050 vexil-

328 3067 395 3130 larii
409 3087 612 3150 opponuntur,
636 3095 694 3140 non
706 3061 748 3136 illi
762 3075 886 3157 quidem
899 3071 1074 3156 legionibus,
1096 3070 1144 3136 led
1160 3074 1259 3136 robori
1275 3075 1440 3158 legionum,

328 3157 370 3220 fl.
393 3158 432 3227 ΙΙ,
455 3158 496 3222 66
508 3159 598 3222 etiem
611 3161 726 3224 viribus
737 3160 872 3242 legionis:
893 3171 1000 3240 quartu
1017 3159 1156 3223 decimani
1171 3159 1206 3244 se
1223 3161 1314 3224 villos
1329 3163 1441 3226 er'lnue·
1525 3228 1526 3231 ¹

278 3251 282 3260 '
326 3241 421 3306 boor:
441 3241 736 3330 quippeBedriocenst
746 3247 817 3318 acie,
838 3243 1005 3312 vexillariis
1031 3258 1143 3308 tontum
1164 3245 1251 3331 pulis
1278 3245 1334 3323 (sc.
1359 3249 1442 3311 XlV.

328 3327 407 3412 leg.)
423 3329 631 3414 vireslegionr‘s
654 3357 707 3396 oron
731 3332 814 3418 uisui
833 3359 858 3396 e.
897 3328 1043 3392 Adsuetas
1056 3352 1132 3418 ergo
1147 3354 1214 3416 pars
1232 3331 1369 3417 legionis,
1392 3331 1442 3399 led

326 3435 389 3482 non
406 3417 532 3482 melior:
556 3419 630 3480 vires
645 3419 816 3484 abfuerunt.
860 3419 892 3483 si
917 3416 1059 3480 vexillarii
1074 3439 1134 3482 non
1152 3441 1219 3503 pars
1233 3422 1372 3506 legionis,
1397 3420 1440 3482 le·

324 3503 435 3586 gionern
463 3504 580 3593 absuiffe
602 3506 761 3572 dixillent:
785 3501 806 3566 sr
834 3527 901 3588 pars
929 3523 1127 3586 quaecunque,
1151 3508 1251 3590 potius
1277 3507 1440 3572 dixissent:

322 3603 410 3676 porte
423 3602 537 3654 tontum
560 3592 665 3673 pulo:
693 3607 779 3657 totam
799 3591 930 3674 legionem
945 3613 997 3652 non
1017 3592 1144 3680 odfuiffe.
1187 3595 1271 3658 Vires
1295 3612 1397 3659 autem
1410 3610 1441 3659 et

327 3675 416 3742 robur
423 3672 562 3754 legionum
571 3681 643 3758 quid
658 3698 766 3746 uocant
783 3679 891 3747 latinii
912 3697 1028 3759 nempe,
1050 3701 1103 3740 non
1126 3679 1253 3756 tironesr
1274 3704 1315 3768 erp
1330 3682 1438 3746 vetetis

323 3759 452 3824 mluiue
471 3780 560 3836 more,
591 3767 737 3850 principes
756 3781 785 3828 et
810 3764 944 3828 triarios.
988 3767 1069 3847 Ergo
1088 3765 1233 3830 vexillarii
1257 3773 1383 3848 tirohet,
1404 3771 1437 3847 ii,
1524 3834 1525 3839 1

350 3848 381 3910 ui
403 3847 479 3910 olim
499 3846 620 3911 'hastath
663 3849 807 3916 Auilores
835 3853 922 3927 ruihi,
946 3852 1077 3933 primurn
1100 3855 1206 3916 (icero
1233 3858 1294 3938 Ep.
1319 3861 1361 3934 X,
1386 3877 1436 3942 33.
1524 3904 1525 3917 ,

310 3865 426 4030 jobelos
442 3943 471 3994 et
484 3936 570 3998 robur
584 3933 706 4002 rnilitum
722 3933 862 4002 interiit:
879 3929 1013 4002 iubolem
1029 3955 1116 4002 rotat
1130 3943 1249 4017 tirones,
1272 3943 1370 4008 robur
1391 3965 1438 4006 ce·

305 4025 428 4082 sterosr
446 4019 554 4082 deinde
575 4025 679 4086 Liuius
700 4027 784 4094 Vlll,
805 4023 837 4085 8.
860 4025 1065 4103 ubihallatos,
1085 4027 1116 4090 id
1136 4028 1188 4103 eli,
1210 4031 1336 4108 tirones,
1357 4035 1440 4094 vocat

313 4109 420 4198 florent
441 4105 578 4172 iuuenum
589 4111 790 4198 pubescentium
810 4113 851 4172 od
861 4111 1017 4176 militiam:
1037 4132 1114 4194 quae
1135 4114 1178 4177 eil
1191 4116 1241 4176 illa
1265 4115 1328 4200 ipsa
1354 4118 1437 4180 ciue}

324 4194 405 4258 runis
420 4192 555 4256 suboles:
574 4197 751 4280 rmrfforem
774 4210 908 4274 oetatem,
931 4200 1092 4284 principes.
1120 4201 1249 4268 2Triarii
1262 4223 1365 4270 eutem
1379 4225 1442 4269 non
1523 4212 1524 4215 ’

323 4295 387 4346 tuo
403 4278 470 4343 loco
485 4281 577 4344 robur
587 4287 738 4350 exercitus
751 4299 902 4347 romulus.
1236 4316 1241 4326 ·
1522 4326 1524 4379 r

1523 4410 1524 4453 l

1523 4488 1524 4527 r

1367 4343 1452 4444 'lant
