3250 5259
260 468 270 485 x
380 529 457 628 ,nn
478 523 672 634 *events
709 507 1047 624 enumerans:
1073 525 1433 620 sternuisse.

322 729 575 812 capitelaurerto.
616 723 771 809 Inpollici
785 739 878 809 parte,
910 743 1375 813 se'Qn,01³r'rnroenruerer
1405 745 1461 786 sc.

321 821 464 902 Princeps
478 815 603 886 ltaliam,
618 815 666 876 cui
682 817 766 896 pueri
779 814 842 875 duo
857 813 1009 891 adsiliunt,
1036 813 1068 878 in
1090 835 1187 899 genua
1210 816 1461 898 procumbentem
1550 851 1551 856 κ

322 905 465 970 sublevat.
494 899 586 974 Infra,
614 892 840 965 immarus.
1409 913 1435 940 ⁶

366 995 408 1054 At
423 987 485 1072 quai
499 1006 562 1052 arte
576 1001 622 1050 rot
635 989 733 1070 egenis
747 989 895 1067 Trajanus
919 985 1099 1062 subvenerit,
1123 988 1335 1068 ignoraremus,
1360 987 1393 1049 ni
1408 985 1463 1048 de·

323 1075 599 1142 rettafuifletanno
618 1092 697 1158 1747
714 1096 797 1137 aenea
811 1074 912 1136 tabula
929 1075 1103 1150 Veleiarum,
1120 1074 1385 1156 praestanriffimum
1400 1089 1460 1134 an-

324 1167 471 1248 tiquitatis
487 1179 722 1233 monumentum,
735 1161 819 1243 quod
829 1163 975 1245 egregiam
992 1163 1045 1222 bac
1059 1163 1091 1225 in
1105 1183 1137 1224 re
1147 1162 1270 1241 Trajani
1281 1159 1458 1224 industriam
1550 1169 1551 1210 l

324 1250 507 1316 manifestam
522 1249 603 1312 fecit.
662 1251 776 1330 Nempe
801 1251 934 1330 optimus
949 1250 1099 1331 Princeps,
1120 1251 1173 1331 qui
1198 1249 1337 1330 inopibus
1361 1246 1461 1330 pueris
1550 1293 1551 1314 r

323 1342 461 1404 alimenta
484 1337 523 1400 de
536 1335 588 1398 suo
602 1331 817 1398 subministrare
838 1335 962 1410 volebat,
993 1333 1063 1397 crim
1081 1338 1110 1396 in
1129 1335 1248 1418 lingulis
1273 1337 1370 1398 Italiae
1384 1335 1463 1398 ciri·

324 1428 434 1490 tatibus
451 1419 595 1505 (maxime
612 1418 680 1482 crim
692 1419 752 1502 ipse
767 1419 916 1502 Hispanus
936 1423 1014 1500 eliet,
1027 1443 1085 1484 non
1103 1425 1206 1504 Italus)
1222 1443 1307 1504 agros
1323 1443 1385 1484 non
1401 1421 1460 1482 ha-

322 1514 415 1589 beret,
425 1513 479 1595 qui
492 1513 535 1573 his
549 1505 874 1589 impenfis'sufficerent‚
892 1507 951 1590 ipse
967 1505 1105 1592 pecunias
1117 1512 1220 1572 incolis
1230 1511 1383 1572 civitatum
1399 1509 1457 1570 ob·

322 1601 402 1675 tulit,
413 1619 488 1682 quas
504 1595 557 1680 qui
572 1595 763 1677 accipiebant,
775 1595 932 1678 vestigales
943 1593 1009 1658 suos
1022 1616 1107 1678 agros
1114 1597 1298 1680 obligabant,
1308 1612 1342 1658 ut
1356 1595 1460 1678 singu·

323 1687 360 1751 lis
384 1689 466 1749 annis
490 1700 616 1766 acceprae
646 1683 778 1762 pecuniae
804 1679 921 1744 usuram
952 1679 1160 1764 persolverent.
1213 1687 1262 1746 Ex
1289 1703 1393 1746 annuo
1423 1701 1462 1744 eo

253 1803 256 1810 ·
322 1777 431 1841 reditu.
447 1772 587 1844 alimenta
600 1771 698 1851 egenis
713 1770 812 1850 pneris
827 1767 1131 1834 subministrabantur.
1187 1769 1300 1836 Verrim
1315 1767 1387 1835 cum
1404 1790 1459 1852 op·

323 1861 567 1939 timusPrinceps
591 1856 730 1918 omnibus
756 1855 923 1918 consultum
940 1856 1038 1932 vellet,
1066 1858 1174 1921 minuit
1188 1855 1317 1922 usuram.
1361 1857 1461 1920 Ctim-

321 1969 382 2032 que
402 1950 437 2009 iis
453 1943 643 2026 temporibus,
661 1940 869 2004 constitutione
884 1938 1033 2019 Remeat,
1050 1944 1182 2028 legitima
1197 1946 1359 2008 haberetur
1372 1941 1461 2006 usura

321 2033 487 2107 centesima,
510 2028 558 2093 [eu
583 2028 789 2090 duodenorum
818 2031 931 2107 affium,
959 2031 1043 2112 quod
1070 2051 1150 2094 nune
1173 2031 1339 2095 diceremus
1369 2031 1461 2091 douae

318 2135 395 2205 pour
413 2129 486 2193 cent,
512 2113 571 2198 ipse
593 2117 730 2198 exigebat
745 2113 863 2178 tanturn
884 2114 1000 2178 usuram
1030 2119 1237 2198 quincuncem,
1257 2117 1307 2180 seu
1330 2115 1460 2200 quinrim

323 2204 436 2279 alitum,
453 2203 536 2286 quod
551 2201 643 2285 rulgb
672 2204 797 2264 dicimus
817 2202 881 2286 cinq
897 2218 971 2286 pour
1001 2219 1074 2266 cent.
1117 2208 1244 2290 Qanrb
1266 2208 1368 2266 minor
1391 2218 1461 2265 erat

323 2291 421 2365 usura,
438 2290 520 2354 tantb
535 2291 625 2368 major
636 2305 698 2351 erat
712 2309 850 2351 numerus
871 2293 1080 2368 mutuantium,
1097 2291 1180 2353 tanrb
1194 2295 1304 2356 certior
1317 2291 1447 2354 reditus.

364 2383 453 2442 Nunc
467 2378 537 2441 verb
551 2377 646 2438 noluit
666 2377 802 2459 Princeps
816 2375 1079 2458 providentillrmus
1094 2377 1135 2440 ita
1150 2378 1299 2452 consulere
1322 2375 1460 2462 egestati,

282 2515 286 2522 .
322 2484 358 2531 ut
380 2481 535 2550 parentum
550 2460 645 2525 officia
661 2465 777 2542 penitus
785 2464 940 2550 relicimur,
964 2459 1098 2549 inersque
1112 2466 1290 2530 educaretur
1301 2468 1460 2546 juventus.

321 2553 428 2636 Itaque
446 2569 481 2614 ut
505 2552 612 2632 inopes‘
630 2551 801 2612 Veleiarum‘
820 2553 901 2632 pueri
931 2551 1098 2634 puellaeque
1119 2553 1257 2618 alimenta
1276 2550 1461 2636 acciperent,

262 2716 266 2721 ἱ
323 2639 444 2721 lingulis
458 2640 596 2719 legitimis
609 2637 675 2700 liliis
690 2637 854 2719 adsignavit
869 2639 898 2698 in
909 2635 1037 2720 singulos
1046 2638 1158 2702 menses
1169 2637 1290 2702 sedenos
1299 2639 1461 2714 sestertios,
1549 2655 1550 2708 j

214 2796 224 2812 .
326 2724 450 2788 Gallica
465 2722 687 2786 monaaelilras
705 2745 736 2806 3,
762 2747 824 2785 cum
838 2723 936 2809 affibus
953 2743 992 2800 23
1030 2725 1151 2809 singulis
1170 2726 1314 2812 legitimis
1340 2725 1466 2792 filiabus
1549 2757 1550 2760 ¹

322 2814 355 2876 iu
375 2802 507 2892 singulbs
528 2809 639 2870 menses
662 2809 814 2871 duodenos
838 2809 991 2886 lestertios‚
1024 2810 1149 2876 Gallica
1174 2827 1292 2877 monete
1316 2814 1413 2876 librar
1429 2830 1460 2891 2,

322 2921 387 2962 rum
409 2895 507 2982 affatus
534 2892 574 2965 6;
605 2895 703 2976 spurio
726 2894 785 2957 dati
801 2897 831 2958 in
848 2897 976 2978 singulos
991 2917 1083 2962 annos
1098 2897 1218 2962 sestertii
1239 2903 1358 2964 centeni
1381 2921 1460 2982 qna·

272 3006 274 3009 ·
325 2986 445 3068 drageni
462 2984 612 3064 quaterni,
633 2979 755 3044 Gallica
764 2983 1037 3068 monetatirraeap,
1053 3008 1115 3048 cum
1130 2985 1231 3070 afflbus
1256 3009 1314 3061 123
1350 2985 1461 3068 spuria:

324 3070 496 3152 insrngulos
517 3088 609 3132 annos
630 3070 746 3130 nummi
763 3068 880 3129 centeni
894 3071 997 3144 viceni,
1022 3068 1145 3132 Gallica
1159 3087 1277 3135 manera
1296 3075 1382 3136 libra
1402 3085 1459 3160 2'3,
1549 3117 1550 3142 l

250 3161 256 3173 ’
323 3179 386 3218 cum
405 3155 503 3239 effabar
520 3155 549 3216 6.
594 3153 711 3216 Mirum
730 3153 911 3236 quibusdam
937 3156 1066 3232 videtur,
1090 3153 1176 3240 qubd
1203 3159 1359 3242 Trajanus
1381 3163 1460 3224 nihil

324 3242 484 3323 illegitimis
503 3239 600 3321 pueris
615 3239 819 3323 adsignaverit,
836 3239 904 3302 cirrn
918 3245 981 3322 ejus
993 3243 1152 3306 liberalitas
1163 3245 1200 3306 ad
1216 3244 1332 3328 spurios
1349 3267 1457 3329 perve-
1549 3257 1550 3296 l

325 3330 411 3392 nilet.
444 3328 490 3388 At.
501 3323 579 3388 forte
593 3327 671 3408 apud
684 3327 835 3399 Veleiates,
851 3330 889 3390 ab
904 3329 990 3392 Urbe
1011 3347 1150 3406 remotos,
1173 3330 1209 3393 ,δι
1228 3353 1364 3415 quorum
1378 3334 1461 3397 haud

324 3433 429 3497 magna
444 3430 506 3477 erat
517 3414 628 3488 civitas,
644 3411 710 3476 satis
725 3413 783 3475 fuit
798 3421 924 3490 morum',
947 3432 980 3478 ut
990 3411 1068 3478 'nulli
1084 3433 1157 3480 tunc
1170 3417 1202 3481 in
1216 3417 1251 3482 cri
1266 3439 1461 3486 numeraren-

324 3516 374 3562 tur
387 3499 550 3581 illegitimi3
572 3515 632 3573 aut,
655 3500 676 3562 sr
689 3502 847 3583 quierant,
861 3500 958 3584 inopiis
971 3521 1030 3564 non
1042 3503 1227 3568 laborabant.
1273 3505 1299 3568 F
1300 3506 1462 3592 ortequo-

324 3607 384 3668 que
398 3585 557 3667 illegitimis
578 3587 650 3647 nihil
669 3587 751 3649 dedit
763 3591 985 3667 Trajanus,ne
1004 3591 1215 3654 concubinatui
1231 3590 1356 3668 faveret,
1376 3595 1407 3658 bt
1428 3613 1464 3660 ut
1548 3629 1549 3646 r

324 3688 469 3754 quantum
485 3671 577 3753 pollet
597 3673 735 3748 conubia,
749 3675 778 3734 in
794 3677 904 3756 quibus
929 3675 1022 3757 polita
1047 3680 1162 3759 imperii
1183 3683 1226 3740 ris
1249 3680 1280 3742 ἃ
1305 3680 1461 3757 sarturas.

321 3761 446 3825 foveret.
491 3762 524 3818 In
542 3756 653 3840 spurios
668 3760 795 3822 liberalis
811 3760 881 3840 fuit,
905 3759 1041 3826 misertus
1054 3783 1229 3846 puerorum,
1251 3772 1388 3852 qb'brum
1402 3773 1462 3833 mi·

323 3841 441 3908 serrirna
455 3859 517 3904 erat
537 3841 610 3917 sors,
627 3846 739 3909 incerto
754 3863 848 3928 patre.

257 3995 261 4001 ,
366 3930 587 3992 Extendebatur
600 3929 666 3993 iane
681 3937 804 4014 Trajani
827 3934 985 3997 liberalitas
1000 3932 1094 4018 usque
1114 3937 1153 4000 ad
1169 3939 1377 4021 pubertatem.
1426 3940 1463 4006 ld

322 4015 402 4078 enim
421 4014 473 4077 usu
495 4033 656 4098 receptum,
679 4033 714 4078 ut
736 4020 836 4082 videre
850 4018 930 4083 estin
947 4022 1061 4105 Digest.
1077 4022 1147 4086 libr.
1170 4026 1318 4104 XXXIV,
1344 4029 1418 4092 Tit.
1432 4048 1461 4103 1,

324 4103 358 4164 de
371 4098 521 4166 Alimentir
541 4102 592 4163 vel
614 4101 732 4166 cibariis
757 4104 871 4185 legatis.
913 4109 971 4170 Sed
985 4105 1054 4182 crim
1078 4129 1149 4192 quae
1177 4111 1290 4176 dautur
1311 4113 1461 4196 usquead

325 4189 830 4274 pubertatemextendanrurusque
840 4193 877 4254 ad
892 4194 1007 4275 plenam
1024 4195 1231 4277 pubertatem
1256 4205 1363 4285 nequis
1380 4199 1460 4266 foiet

321 4272 494 4355 ambagibus
504 4272 597 4350 locus,
606 4275 928 4362 definitaestipsaaeras,
937 4283 1264 4372 utbabeturinDigest.
1277 4289 1462 4365 LXXXIV,

1080 4431 1081 4438 ,
1402 4375 1463 4438 luc.
