<?xml version="1.0" encoding="UTF-8"?>
<!DOCTYPE html PUBLIC "-//W3C//DTD XHTML 1.0 Transitional//EN"
    "http://www.w3.org/TR/xhtml1/DTD/xhtml1-transitional.dtd">
<html xmlns="http://www.w3.org/1999/xhtml" xml:lang="en" lang="en">
 <head>
  <title>
</title>
<meta http-equiv="Content-Type" content="text/html;charset=utf-8" />
  <meta name='ocr-system' content='tesseract 3.04.00' />
  <meta name='ocr-capabilities' content='ocr_page ocr_carea ocr_par ocr_line ocrx_word'/>
</head>
<body>
  <div class='ocr_page' id='page_1' title='image "./tractatusvariil00crevgoog_0232.png"; bbox 0 0 3250 5259; ppageno 0'>
   <div class='ocr_carea' id='block_1_1' title="bbox 346 515 1259 662">
    <p class='ocr_par' dir='ltr' id='par_1_1' title="bbox 346 515 1259 687">
     <span class='ocr_line' id='line_1_1' title="bbox 346 515 1259 662; baseline -0.011 -19"><span class='ocrx_word' id='word_1_1' title='bbox 346 517 387 645; x_wconf 69' lang='lat' dir='ltr'>re</span> <span class='ocrx_word' id='word_1_2' title='bbox 669 515 1164 662; x_wconf 29' lang='lat' dir='ltr'>,Deruentio</span> <span class='ocrx_word' id='word_1_3' title='bbox 1253 519 1259 523; x_wconf 35' lang='lat'>⁵</span> 
     </span>
    </p>
   </div>
   <div class='ocr_carea' id='block_1_2' title="bbox 246 721 1543 3864">
    <p class='ocr_par' dir='ltr' id='par_1_2' title="bbox 246 721 1543 3864">
     <span class='ocr_line' id='line_1_2' title="bbox 246 721 1495 826; baseline -0.014 -19"><span class='ocrx_word' id='word_1_4' title='bbox 246 761 252 779; x_wconf 72' lang='lat'><strong><em>¹</em></strong></span> <span class='ocrx_word' id='word_1_5' title='bbox 355 741 410 826; x_wconf 91' lang='lat' dir='ltr'>qui</span> <span class='ocrx_word' id='word_1_6' title='bbox 428 753 554 806; x_wconf 90' lang='lat' dir='ltr'>currunt</span> <span class='ocrx_word' id='word_1_7' title='bbox 582 739 693 804; x_wconf 87' lang='lat' dir='ltr'>circum</span> <span class='ocrx_word' id='word_1_8' title='bbox 716 755 908 806; x_wconf 86' lang='lat' dir='ltr'>curvaturam</span> <span class='ocrx_word' id='word_1_9' title='bbox 937 737 1150 821; x_wconf 64' lang='lat' dir='ltr'>circinationis,</span> <span class='ocrx_word' id='word_1_10' title='bbox 1173 731 1306 816; x_wconf 75' lang='lat' dir='ltr'>dirigant</span> <span class='ocrx_word' id='word_1_11' title='bbox 1338 721 1495 810; x_wconf 69' lang='lat' dir='ltr'>ascensus,</span> 
     </span>
     <span class='ocr_line' id='line_1_3' title="bbox 357 823 1497 917; baseline -0.018 -21"><span class='ocrx_word' id='word_1_12' title='bbox 357 825 506 910; x_wconf 84' lang='lat' dir='ltr'>scalasque</span> <span class='ocrx_word' id='word_1_13' title='bbox 524 829 600 890; x_wconf 89' lang='lat' dir='ltr'>inter</span> <span class='ocrx_word' id='word_1_14' title='bbox 616 831 734 892; x_wconf 86' lang='lat' dir='ltr'>Cuueos</span> <span class='ocrx_word' id='word_1_15' title='bbox 753 829 790 892; x_wconf 91' lang='lat' dir='ltr'>ad</span> <span class='ocrx_word' id='word_1_16' title='bbox 821 829 943 910; x_wconf 88' lang='lat' dir='ltr'>primam</span> <span class='ocrx_word' id='word_1_17' title='bbox 962 825 1223 907; x_wconf 82' lang='lat' dir='ltr'>¹prirecinsiionem.</span> <span class='ocrx_word' id='word_1_18' title='bbox 1267 823 1367 902; x_wconf 85' lang='lat' dir='ltr'>Supra</span> <span class='ocrx_word' id='word_1_19' title='bbox 1378 829 1497 917; x_wconf 77' lang='lat' dir='ltr'>autem</span> 
     </span>
     <span class='ocr_line' id='line_1_4' title="bbox 358 904 1498 1000; baseline -0.016 -22"><span class='ocrx_word' id='word_1_20' title='bbox 358 917 480 979; x_wconf 84' lang='lat' dir='ltr'>alternis</span> <span class='ocrx_word' id='word_1_21' title='bbox 514 913 669 978; x_wconf 78' lang='lat' dir='ltr'>itineribus</span> <span class='ocrx_word' id='word_1_22' title='bbox 699 915 861 1000; x_wconf 79' lang='lat' dir='ltr'>superiores</span> <span class='ocrx_word' id='word_1_23' title='bbox 876 912 973 978; x_wconf 90' lang='lat' dir='ltr'>Cunei</span> <span class='ocrx_word' id='word_1_24' title='bbox 1002 912 1092 979; x_wconf 87' lang='lat' dir='ltr'>medii</span> <span class='ocrx_word' id='word_1_25' title='bbox 1119 909 1295 990; x_wconf 79' lang='lat' dir='ltr'>dirigantur.</span> <span class='ocrx_word' id='word_1_26' title='bbox 1342 904 1452 967; x_wconf 86' lang='lat' dir='ltr'>Cunei</span> <span class='ocrx_word' id='word_1_27' title='bbox 1467 917 1498 962; x_wconf 81' lang='lat' dir='ltr'>tn</span> 
     </span>
     <span class='ocr_line' id='line_1_5' title="bbox 361 989 1499 1084; baseline -0.015 -17"><span class='ocrx_word' id='word_1_28' title='bbox 361 1005 423 1067; x_wconf 83' lang='lat' dir='ltr'>into</span> <span class='ocrx_word' id='word_1_29' title='bbox 436 1001 592 1084; x_wconf 83' lang='lat' dir='ltr'>dirigentes</span> <span class='ocrx_word' id='word_1_30' title='bbox 612 998 739 1077; x_wconf 85' lang='lat' dir='ltr'>scalaria,</span> <span class='ocrx_word' id='word_1_31' title='bbox 760 1020 844 1066; x_wconf 90' lang='lat' dir='ltr'>erant</span> <span class='ocrx_word' id='word_1_32' title='bbox 859 1021 982 1064; x_wconf 87' lang='lat' dir='ltr'>numero</span> <span class='ocrx_word' id='word_1_33' title='bbox 995 996 1118 1082; x_wconf 83' lang='lat' dir='ltr'>septem.</span> <span class='ocrx_word' id='word_1_34' title='bbox 1160 996 1282 1058; x_wconf 87' lang='lat' dir='ltr'>Gradus</span> <span class='ocrx_word' id='word_1_35' title='bbox 1298 989 1499 1073; x_wconf 81' lang='lat' dir='ltr'>spettacutn·</span> 
     </span>
     <span class='ocr_line' id='line_1_6' title="bbox 360 1074 1500 1172; baseline -0.012 -20"><span class='ocrx_word' id='word_1_36' title='bbox 360 1097 440 1166; x_wconf 78' lang='lat' dir='ltr'>tum,</span> <span class='ocrx_word' id='word_1_37' title='bbox 464 1089 508 1150; x_wconf 89' lang='lat' dir='ltr'>uti</span> <span class='ocrx_word' id='word_1_38' title='bbox 535 1085 669 1154; x_wconf 89' lang='lat' dir='ltr'>subsellia</span> <span class='ocrx_word' id='word_1_39' title='bbox 694 1089 869 1172; x_wconf 76' lang='lat' dir='ltr'>composita,</span> <span class='ocrx_word' id='word_1_40' title='bbox 887 1102 969 1152; x_wconf 86' lang='lat' dir='ltr'>erant</span> <span class='ocrx_word' id='word_1_41' title='bbox 992 1107 1053 1149; x_wconf 91' lang='lat' dir='ltr'>non</span> <span class='ocrx_word' id='word_1_42' title='bbox 1069 1086 1167 1148; x_wconf 87' lang='lat' dir='ltr'>miuus</span> <span class='ocrx_word' id='word_1_43' title='bbox 1196 1083 1247 1144; x_wconf 91' lang='lat' dir='ltr'>alti</span> <span class='ocrx_word' id='word_1_44' title='bbox 1278 1079 1382 1163; x_wconf 89' lang='lat' dir='ltr'>palmo</span> <span class='ocrx_word' id='word_1_45' title='bbox 1408 1074 1500 1160; x_wconf 77' lang='lat' dir='ltr'>pede,</span> 
     </span>
     <span class='ocr_line' id='line_1_7' title="bbox 363 1163 1500 1258; baseline -0.014 -18"><span class='ocrx_word' id='word_1_46' title='bbox 363 1196 423 1242; x_wconf 91' lang='lat' dir='ltr'>non</span> <span class='ocrx_word' id='word_1_47' title='bbox 437 1175 504 1256; x_wconf 89' lang='lat' dir='ltr'>plus</span> <span class='ocrx_word' id='word_1_48' title='bbox 524 1177 599 1257; x_wconf 89' lang='lat' dir='ltr'>pede</span> <span class='ocrx_word' id='word_1_49' title='bbox 611 1191 640 1240; x_wconf 87' lang='lat' dir='ltr'>et</span> <span class='ocrx_word' id='word_1_50' title='bbox 654 1178 756 1258; x_wconf 83' lang='lat' dir='ltr'>digitis</span> <span class='ocrx_word' id='word_1_51' title='bbox 770 1174 830 1252; x_wconf 86' lang='lat' dir='ltr'>sex,</span> <span class='ocrx_word' id='word_1_52' title='bbox 853 1175 1023 1238; x_wconf 87' lang='lat' dir='ltr'>latitudines</span> <span class='ocrx_word' id='word_1_53' title='bbox 1034 1191 1139 1236; x_wconf 88' lang='lat' dir='ltr'>eorum</span> <span class='ocrx_word' id='word_1_54' title='bbox 1152 1189 1213 1232; x_wconf 90' lang='lat' dir='ltr'>non</span> <span class='ocrx_word' id='word_1_55' title='bbox 1225 1167 1292 1250; x_wconf 89' lang='lat' dir='ltr'>plus</span> <span class='ocrx_word' id='word_1_56' title='bbox 1306 1163 1401 1248; x_wconf 75' lang='lat' dir='ltr'>pedes</span> <span class='ocrx_word' id='word_1_57' title='bbox 1417 1165 1500 1225; x_wconf 86' lang='lat' dir='ltr'>duos</span> 
     </span>
     <span class='ocr_line' id='line_1_8' title="bbox 358 1247 1500 1348; baseline -0.015 -20"><span class='ocrx_word' id='word_1_58' title='bbox 358 1265 460 1348; x_wconf 80' lang='lat' dir='ltr'>semis,</span> <span class='ocrx_word' id='word_1_59' title='bbox 481 1281 543 1325; x_wconf 90' lang='lat' dir='ltr'>non</span> <span class='ocrx_word' id='word_1_60' title='bbox 558 1261 653 1326; x_wconf 89' lang='lat' dir='ltr'>minus</span> <span class='ocrx_word' id='word_1_61' title='bbox 678 1263 766 1348; x_wconf 88' lang='lat' dir='ltr'>pedes</span> <span class='ocrx_word' id='word_1_62' title='bbox 782 1264 860 1327; x_wconf 87' lang='lat' dir='ltr'>duos</span> <span class='ocrx_word' id='word_1_63' title='bbox 885 1258 1148 1334; x_wconf 88' lang='lat' dir='ltr'>constituebantur,</span> <span class='ocrx_word' id='word_1_64' title='bbox 1170 1271 1205 1318; x_wconf 93' lang='lat' dir='ltr'>ut</span> <span class='ocrx_word' id='word_1_65' title='bbox 1223 1275 1275 1338; x_wconf 86' lang='lat' dir='ltr'>per</span> <span class='ocrx_word' id='word_1_66' title='bbox 1301 1251 1335 1316; x_wconf 93' lang='lat' dir='ltr'>id</span> <span class='ocrx_word' id='word_1_67' title='bbox 1363 1247 1500 1334; x_wconf 86' lang='lat' dir='ltr'>spatium</span> 
     </span>
     <span class='ocr_line' id='line_1_9' title="bbox 362 1340 1542 1432; baseline -0.012 -18"><span class='ocrx_word' id='word_1_68' title='bbox 362 1349 458 1426; x_wconf 85' lang='lat' dir='ltr'>latius,</span> <span class='ocrx_word' id='word_1_69' title='bbox 481 1345 529 1412; x_wconf 88' lang='lat' dir='ltr'>scu</span> <span class='ocrx_word' id='word_1_70' title='bbox 550 1371 601 1432; x_wconf 89' lang='lat' dir='ltr'>per</span> <span class='ocrx_word' id='word_1_71' title='bbox 624 1351 829 1414; x_wconf 81' lang='lat' dir='ltr'>ambulacrum</span> <span class='ocrx_word' id='word_1_72' title='bbox 857 1349 1021 1432; x_wconf 88' lang='lat' dir='ltr'>quoddam,</span> <span class='ocrx_word' id='word_1_73' title='bbox 1041 1347 1126 1408; x_wconf 92' lang='lat' dir='ltr'>nullo</span> <span class='ocrx_word' id='word_1_74' title='bbox 1146 1342 1277 1426; x_wconf 88' lang='lat' dir='ltr'>negotio,</span> <span class='ocrx_word' id='word_1_75' title='bbox 1308 1340 1375 1402; x_wconf 89' lang='lat' dir='ltr'>huc</span> <span class='ocrx_word' id='word_1_76' title='bbox 1402 1353 1500 1419; x_wconf 88' lang='lat' dir='ltr'>atque</span> <span class='ocrx_word' id='word_1_77' title='bbox 1541 1388 1542 1419; x_wconf 61' lang='lat'>,</span> 
     </span>
     <span class='ocr_line' id='line_1_10' title="bbox 361 1427 1543 1520; baseline -0.012 -19"><span class='ocrx_word' id='word_1_78' title='bbox 361 1437 446 1512; x_wconf 88' lang='lat' dir='ltr'>illuc,</span> <span class='ocrx_word' id='word_1_79' title='bbox 468 1435 507 1500; x_wconf 86' lang='lat' dir='ltr'>ad</span> <span class='ocrx_word' id='word_1_80' title='bbox 516 1457 620 1500; x_wconf 87' lang='lat' dir='ltr'>uacuas</span> <span class='ocrx_word' id='word_1_81' title='bbox 635 1433 713 1501; x_wconf 87' lang='lat' dir='ltr'>sedes</span> <span class='ocrx_word' id='word_1_82' title='bbox 727 1437 872 1501; x_wconf 88' lang='lat' dir='ltr'>deerraret</span> <span class='ocrx_word' id='word_1_83' title='bbox 886 1435 1022 1520; x_wconf 87' lang='lat' dir='ltr'>populus,</span> <span class='ocrx_word' id='word_1_84' title='bbox 1045 1433 1154 1516; x_wconf 88' lang='lat' dir='ltr'>absque</span> <span class='ocrx_word' id='word_1_85' title='bbox 1167 1449 1277 1504; x_wconf 17' lang='lat' dir='ltr'>eorum,</span> <span class='ocrx_word' id='word_1_86' title='bbox 1286 1427 1499 1498; x_wconf 84' lang='lat' dir='ltr'>incommodo,</span> <span class='ocrx_word' id='word_1_87' title='bbox 1541 1430 1543 1509; x_wconf 59' lang='lat'>,</span> 
     </span>
     <span class='ocr_line' id='line_1_11' title="bbox 301 1511 1542 1608; baseline -0.011 -21"><span class='ocrx_word' id='word_1_88' title='bbox 301 1593 304 1602; x_wconf 51' lang='lat'>,</span> <span class='ocrx_word' id='word_1_89' title='bbox 363 1525 419 1608; x_wconf 92' lang='lat' dir='ltr'>qui</span> <span class='ocrx_word' id='word_1_90' title='bbox 437 1525 501 1605; x_wconf 81' lang='lat' dir='ltr'>jaun</span> <span class='ocrx_word' id='word_1_91' title='bbox 525 1521 729 1590; x_wconf 83' lang='lat' dir='ltr'>consedissent.</span> <span class='ocrx_word' id='word_1_92' title='bbox 769 1522 837 1588; x_wconf 87' lang='lat' dir='ltr'>Post</span> <span class='ocrx_word' id='word_1_93' title='bbox 868 1538 925 1586; x_wconf 88' lang='lat' dir='ltr'>tres</span> <span class='ocrx_word' id='word_1_94' title='bbox 951 1522 1083 1605; x_wconf 86' lang='lat' dir='ltr'>¹quoque</span> <span class='ocrx_word' id='word_1_95' title='bbox 1118 1515 1247 1600; x_wconf 68' lang='lat' dir='ltr'>singulos</span> <span class='ocrx_word' id='word_1_96' title='bbox 1282 1513 1411 1597; x_wconf 86' lang='lat' dir='ltr'>gradus,</span> <span class='ocrx_word' id='word_1_97' title='bbox 1445 1511 1499 1593; x_wconf 86' lang='lat' dir='ltr'>qui</span> <span class='ocrx_word' id='word_1_98' title='bbox 1541 1522 1542 1543; x_wconf 73' lang='lat'>¹</span> 
     </span>
     <span class='ocr_line' id='line_1_12' title="bbox 256 1601 1499 1694; baseline -0.012 -18"><span class='ocrx_word' id='word_1_99' title='bbox 256 1659 261 1667; x_wconf 82' lang='lat'><em>-</em></span> <span class='ocrx_word' id='word_1_100' title='bbox 364 1625 491 1694; x_wconf 91' lang='lat' dir='ltr'>quartus</span> <span class='ocrx_word' id='word_1_101' title='bbox 506 1613 537 1673; x_wconf 93' lang='lat' dir='ltr'>in</span> <span class='ocrx_word' id='word_1_102' title='bbox 550 1609 684 1674; x_wconf 89' lang='lat' dir='ltr'>ordinenr&#39;</span> <span class='ocrx_word' id='word_1_103' title='bbox 711 1608 893 1687; x_wconf 84' lang='lat' dir='ltr'>succedebat,</span> <span class='ocrx_word' id='word_1_104' title='bbox 914 1609 1008 1690; x_wconf 94' lang='lat' dir='ltr'>duplo</span> <span class='ocrx_word' id='word_1_105' title='bbox 1034 1609 1120 1670; x_wconf 91' lang='lat' dir='ltr'>latior</span> <span class='ocrx_word' id='word_1_106' title='bbox 1144 1622 1208 1668; x_wconf 88' lang='lat' dir='ltr'>erat</span> <span class='ocrx_word' id='word_1_107' title='bbox 1221 1603 1353 1675; x_wconf 88' lang='lat' dir='ltr'>caeteris,</span> <span class='ocrx_word' id='word_1_108' title='bbox 1382 1601 1430 1663; x_wconf 89' lang='lat' dir='ltr'>ad</span> <span class='ocrx_word' id='word_1_109' title='bbox 1453 1603 1499 1661; x_wconf 90' lang='lat' dir='ltr'>le·</span> 
     </span>
     <span class='ocr_line' id='line_1_13' title="bbox 365 1688 1543 1788; baseline -0.009 -29"><span class='ocrx_word' id='word_1_110' title='bbox 365 1697 618 1762; x_wconf 79' lang='lat' dir='ltr'>viorern·Theatri</span> <span class='ocrx_word' id='word_1_111' title='bbox 629 1698 859 1788; x_wconf 84' lang='lat' dir='ltr'>proclivitatem,</span> <span class='ocrx_word' id='word_1_112' title='bbox 882 1709 913 1758; x_wconf 91' lang='lat' dir='ltr'>et</span> <span class='ocrx_word' id='word_1_113' title='bbox 928 1712 962 1760; x_wconf 94' lang='lat' dir='ltr'>ut</span> <span class='ocrx_word' id='word_1_114' title='bbox 987 1691 1106 1779; x_wconf 82' lang='lat' dir='ltr'>singulis</span> <span class='ocrx_word' id='word_1_115' title='bbox 1123 1689 1277 1754; x_wconf 87' lang='lat' dir='ltr'>ordinibus</span> <span class='ocrx_word' id='word_1_116' title='bbox 1292 1688 1406 1771; x_wconf 80' lang='lat' dir='ltr'>huguli</span> <span class='ocrx_word' id='word_1_117' title='bbox 1439 1702 1499 1749; x_wconf 85' lang='lat' dir='ltr'>tres</span> <span class='ocrx_word' id='word_1_118' title='bbox 1541 1692 1543 1755; x_wconf 79' lang='lat' dir='ltr'>i</span> 
     </span>
     <span class='ocr_line' id='line_1_14' title="bbox 362 1773 1542 1868; baseline -0.01 -21"><span class='ocrx_word' id='word_1_119' title='bbox 362 1785 474 1868; x_wconf 87' lang='lat' dir='ltr'>gradus</span> <span class='ocrx_word' id='word_1_120' title='bbox 497 1779 741 1868; x_wconf 78' lang='lat' dir='ltr'>relinquerentur.</span> <span class='ocrx_word' id='word_1_121' title='bbox 786 1790 881 1850; x_wconf 84' lang='lat' dir='ltr'>Ac&#39;ne</span> <span class='ocrx_word' id='word_1_122' title='bbox 902 1782 1043 1865; x_wconf 87' lang='lat' dir='ltr'>petulanti</span> <span class='ocrx_word' id='word_1_123' title='bbox 1057 1797 1108 1844; x_wconf 89' lang='lat' dir='ltr'>aut</span> <span class='ocrx_word' id='word_1_124' title='bbox 1127 1777 1257 1842; x_wconf 89' lang='lat' dir='ltr'>insolenti</span> <span class='ocrx_word' id='word_1_125' title='bbox 1272 1773 1388 1858; x_wconf 87' lang='lat' dir='ltr'>populo</span> <span class='ocrx_word' id='word_1_126' title='bbox 1403 1795 1501 1860; x_wconf 88' lang='lat' dir='ltr'>prop·</span> <span class='ocrx_word' id='word_1_127' title='bbox 1541 1782 1542 1859; x_wconf 53' lang='lat' dir='ltr'>l</span> 
     </span>
     <span class='ocr_line' id='line_1_15' title="bbox 358 1861 1543 1954; baseline -0.008 -20"><span class='ocrx_word' id='word_1_128' title='bbox 358 1869 511 1936; x_wconf 62' lang='lat' dir='ltr'>tersus</span> <span class='ocrx_word' id='word_1_129' title='bbox 524 1875 713 1954; x_wconf 88' lang='lat' dir='ltr'>quantumvis</span> <span class='ocrx_word' id='word_1_130' title='bbox 737 1873 847 1938; x_wconf 85' lang='lat' dir='ltr'>accessu</span> <span class='ocrx_word' id='word_1_131' title='bbox 871 1869 982 1948; x_wconf 82' lang='lat' dir='ltr'>faciles,</span> <span class='ocrx_word' id='word_1_132' title='bbox 1005 1869 1192 1952; x_wconf 86' lang='lat' dir='ltr'>praeberetur</span> <span class='ocrx_word' id='word_1_133' title='bbox 1207 1863 1288 1927; x_wconf 84' lang='lat' dir='ltr'>rixae</span> <span class='ocrx_word' id='word_1_134' title='bbox 1300 1861 1402 1937; x_wconf 86' lang='lat' dir='ltr'>causa,</span> <span class='ocrx_word' id='word_1_135' title='bbox 1422 1883 1499 1926; x_wconf 76' lang='lat' dir='ltr'>mu·</span> <span class='ocrx_word' id='word_1_136' title='bbox 1541 1886 1543 1947; x_wconf 52' lang='grc' dir='ltr'>ξ</span> 
     </span>
     <span class='ocr_line' id='line_1_16' title="bbox 253 1949 1542 2042; baseline -0.007 -21"><span class='ocrx_word' id='word_1_137' title='bbox 253 1991 256 2002; x_wconf 89' lang='grc'><strong><em>·</em></strong></span> <span class='ocrx_word' id='word_1_138' title='bbox 367 1972 515 2022; x_wconf 83' lang='lat' dir='ltr'>tumeret</span> <span class='ocrx_word' id='word_1_139' title='bbox 540 1979 577 2021; x_wconf 88' lang='lat' dir='ltr'>ne</span> <span class='ocrx_word' id='word_1_140' title='bbox 612 1959 739 2042; x_wconf 89' lang='lat' dir='ltr'>quilibet</span> <span class='ocrx_word' id='word_1_141' title='bbox 760 1963 790 2022; x_wconf 93' lang='lat' dir='ltr'>in</span> <span class='ocrx_word' id='word_1_142' title='bbox 810 1957 992 2042; x_wconf 91' lang='lat' dir='ltr'>quibuslibet</span> <span class='ocrx_word' id='word_1_143' title='bbox 1017 1952 1149 2018; x_wconf 88' lang='lat' dir='ltr'>sederent</span> <span class='ocrx_word' id='word_1_144' title='bbox 1176 1951 1339 2036; x_wconf 81' lang='lat' dir='ltr'>gradibusa</span> <span class='ocrx_word' id='word_1_145' title='bbox 1380 1949 1438 2014; x_wconf 84' lang='lat' dir='ltr'>sed</span> <span class='ocrx_word' id='word_1_146' title='bbox 1467 1951 1499 2012; x_wconf 84' lang='lat' dir='ltr'>iu</span> <span class='ocrx_word' id='word_1_147' title='bbox 1541 1974 1542 2027; x_wconf 65' lang='lat'>3</span> 
     </span>
     <span class='ocr_line' id='line_1_17' title="bbox 367 2037 1500 2129; baseline -0.007 -23"><span class='ocrx_word' id='word_1_148' title='bbox 367 2044 463 2106; x_wconf 89' lang='lat' dir='ltr'>tribus</span> <span class='ocrx_word' id='word_1_149' title='bbox 491 2047 606 2126; x_wconf 91' lang='lat' dir='ltr'>primis,</span> <span class='ocrx_word' id='word_1_150' title='bbox 629 2045 682 2127; x_wconf 92' lang='lat' dir='ltr'>qui</span> <span class='ocrx_word' id='word_1_151' title='bbox 700 2046 828 2129; x_wconf 83' lang='lat' dir='ltr'>proximi</span> <span class='ocrx_word' id='word_1_152' title='bbox 848 2044 938 2108; x_wconf 85' lang='lat' dir='ltr'>essent</span> <span class='ocrx_word' id='word_1_153' title='bbox 962 2047 1069 2106; x_wconf 86' lang='lat' dir='ltr'>Scmae</span> <span class='ocrx_word' id='word_1_154' title='bbox 1097 2040 1224 2124; x_wconf 89' lang='lat' dir='ltr'>pulpito,</span> <span class='ocrx_word' id='word_1_155' title='bbox 1245 2037 1446 2120; x_wconf 73' lang='lat' dir='ltr'>amplissimae</span> <span class='ocrx_word' id='word_1_156' title='bbox 1468 2051 1500 2100; x_wconf 86' lang='lat' dir='ltr'>et</span> 
     </span>
     <span class='ocr_line' id='line_1_18' title="bbox 359 2124 1542 2215; baseline -0.009 -19"><span class='ocrx_word' id='word_1_157' title='bbox 359 2125 515 2214; x_wconf 48' lang='lat' dir='ltr'>¹etttrett&#39;tae</span> <span class='ocrx_word' id='word_1_158' title='bbox 530 2131 681 2214; x_wconf 89' lang='lat' dir='ltr'>dignitatis</span> <span class='ocrx_word' id='word_1_159' title='bbox 702 2134 768 2208; x_wconf 87' lang='lat' dir='ltr'>viri,</span> <span class='ocrx_word' id='word_1_160' title='bbox 791 2134 821 2194; x_wconf 92' lang='lat' dir='ltr'>in</span> <span class='ocrx_word' id='word_1_161' title='bbox 840 2125 1217 2215; x_wconf 82' lang='lat' dir='ltr'>sequentibus‘consulares,</span> <span class='ocrx_word' id='word_1_162' title='bbox 1238 2126 1269 2188; x_wconf 93' lang='lat' dir='ltr'>in</span> <span class='ocrx_word' id='word_1_163' title='bbox 1282 2124 1347 2186; x_wconf 86' lang='lat' dir='ltr'>aliis</span> <span class='ocrx_word' id='word_1_164' title='bbox 1361 2125 1498 2206; x_wconf 88' lang='lat' dir='ltr'>patricii,</span> <span class='ocrx_word' id='word_1_165' title='bbox 1541 2128 1542 2209; x_wconf 83' lang='lat' dir='ltr'>l</span> 
     </span>
     <span class='ocr_line' id='line_1_19' title="bbox 366 2213 1542 2302; baseline -0.005 -22"><span class='ocrx_word' id='word_1_166' title='bbox 366 2237 402 2282; x_wconf 90' lang='lat' dir='ltr'>ac</span> <span class='ocrx_word' id='word_1_167' title='bbox 416 2217 550 2299; x_wconf 85' lang='lat' dir='ltr'>deinceps</span> <span class='ocrx_word' id='word_1_168' title='bbox 565 2217 670 2302; x_wconf 89' lang='lat' dir='ltr'>plebeii</span> <span class='ocrx_word' id='word_1_169' title='bbox 694 2220 726 2282; x_wconf 92' lang='lat' dir='ltr'>in</span> <span class='ocrx_word' id='word_1_170' title='bbox 750 2218 871 2302; x_wconf 89' lang='lat' dir='ltr'>reliquis</span> <span class='ocrx_word' id='word_1_171' title='bbox 893 2217 1037 2301; x_wconf 84' lang='lat' dir='ltr'>gradibus</span> <span class='ocrx_word' id='word_1_172' title='bbox 1062 2213 1205 2280; x_wconf 82' lang='lat' dir='ltr'>sederent.</span> <span class='ocrx_word' id='word_1_173' title='bbox 1250 2216 1355 2292; x_wconf 87' lang='lat' dir='ltr'>ltaque</span> <span class='ocrx_word' id='word_1_174' title='bbox 1377 2228 1498 2274; x_wconf 83' lang='lat' dir='ltr'>veteres</span> <span class='ocrx_word' id='word_1_175' title='bbox 1541 2216 1542 2283; x_wconf 65' lang='grc' dir='ltr'>ἒ</span> 
     </span>
     <span class='ocr_line' id='line_1_20' title="bbox 367 2298 1542 2390; baseline -0.005 -22"><span class='ocrx_word' id='word_1_176' title='bbox 367 2303 542 2381; x_wconf 71' lang='lat' dir='ltr'>Architesih</span> <span class='ocrx_word' id='word_1_177' title='bbox 566 2321 686 2370; x_wconf 86' lang='lat' dir='ltr'>naturae</span> <span class='ocrx_word' id='word_1_178' title='bbox 716 2305 836 2390; x_wconf 88' lang='lat' dir='ltr'>vestigia</span> <span class='ocrx_word' id='word_1_179' title='bbox 863 2302 1017 2388; x_wconf 87' lang='lat' dir='ltr'>persecuti,</span> <span class='ocrx_word' id='word_1_180' title='bbox 1039 2299 1276 2385; x_wconf 82' lang='lat' dir='ltr'>indagationibus</span> <span class='ocrx_word' id='word_1_181' title='bbox 1296 2300 1379 2362; x_wconf 84' lang='lat' dir='ltr'>uocis</span> <span class='ocrx_word' id='word_1_182' title='bbox 1406 2298 1498 2362; x_wconf 89' lang='lat' dir='ltr'>scan-</span> <span class='ocrx_word' id='word_1_183' title='bbox 1541 2304 1542 2351; x_wconf 85' lang='grc' dir='ltr'>ἶ</span> 
     </span>
     <span class='ocr_line' id='line_1_21' title="bbox 357 2384 1542 2478; baseline -0.005 -24"><span class='ocrx_word' id='word_1_184' title='bbox 357 2391 470 2478; x_wconf 73' lang='lat' dir='ltr'>dentes</span> <span class='ocrx_word' id='word_1_185' title='bbox 483 2393 665 2456; x_wconf 88' lang='lat' dir='ltr'>theatrorum</span> <span class='ocrx_word' id='word_1_186' title='bbox 684 2391 865 2475; x_wconf 85' lang='lat' dir='ltr'>perfecerunt</span> <span class='ocrx_word' id='word_1_187' title='bbox 885 2390 1080 2473; x_wconf 85' lang='lat' dir='ltr'>gradationes,</span> <span class='ocrx_word' id='word_1_188' title='bbox 1099 2403 1130 2452; x_wconf 86' lang='lat' dir='ltr'>et</span> <span class='ocrx_word' id='word_1_189' title='bbox 1143 2384 1353 2471; x_wconf 77' lang='lat' dir='ltr'>quaesiverunt</span> <span class='ocrx_word' id='word_1_190' title='bbox 1376 2386 1499 2470; x_wconf 83' lang='lat' dir='ltr'>(inquit</span> <span class='ocrx_word' id='word_1_191' title='bbox 1541 2468 1542 2471; x_wconf 8' lang='grc' dir='ltr'><strong>Ἴ</strong></span> 
     </span>
     <span class='ocr_line' id='line_1_22' title="bbox 366 2473 1542 2562; baseline -0.004 -21"><span class='ocrx_word' id='word_1_192' title='bbox 366 2478 535 2562; x_wconf 88' lang='lat' dir='ltr'>Vitruvius)</span> <span class='ocrx_word' id='word_1_193' title='bbox 552 2501 602 2562; x_wconf 79' lang='lat' dir='ltr'>per</span> <span class='ocrx_word' id='word_1_194' title='bbox 623 2483 791 2560; x_wconf 83' lang='lat' dir='ltr'>canonicam</span> <span class='ocrx_word' id='word_1_195' title='bbox 805 2481 1097 2551; x_wconf 85' lang='lat' dir='ltr'>Mathematicorum,</span> <span class='ocrx_word' id='word_1_196' title='bbox 1118 2490 1148 2541; x_wconf 87' lang='lat' dir='ltr'>et</span> <span class='ocrx_word' id='word_1_197' title='bbox 1163 2473 1307 2537; x_wconf 78' lang='lat' dir='ltr'>Musicam</span> <span class='ocrx_word' id='word_1_198' title='bbox 1328 2477 1495 2550; x_wconf 89' lang='lat' dir='ltr'>rationem,</span> <span class='ocrx_word' id='word_1_199' title='bbox 1541 2508 1542 2551; x_wconf 47' lang='grc' dir='ltr'>γ</span> 
     </span>
     <span class='ocr_line' id='line_1_23' title="bbox 367 2559 1543 2655; baseline -0.005 -27"><span class='ocrx_word' id='word_1_200' title='bbox 367 2581 403 2628; x_wconf 89' lang='lat' dir='ltr'>ut</span> <span class='ocrx_word' id='word_1_201' title='bbox 417 2586 614 2649; x_wconf 89' lang='lat' dir='ltr'>quaecunque</span> <span class='ocrx_word' id='word_1_202' title='bbox 628 2587 687 2632; x_wconf 87' lang='lat' dir='ltr'>vox</span> <span class='ocrx_word' id='word_1_203' title='bbox 701 2569 729 2632; x_wconf 92' lang='lat' dir='ltr'>in</span> <span class='ocrx_word' id='word_1_204' title='bbox 746 2571 837 2632; x_wconf 86' lang='lat' dir='ltr'>Scena</span> <span class='ocrx_word' id='word_1_205' title='bbox 850 2567 930 2645; x_wconf 88' lang='lat' dir='ltr'>esset,</span> <span class='ocrx_word' id='word_1_206' title='bbox 945 2565 1049 2628; x_wconf 85' lang='lat' dir='ltr'>clarior</span> <span class='ocrx_word' id='word_1_207' title='bbox 1061 2579 1092 2628; x_wconf 88' lang='lat' dir='ltr'>et</span> <span class='ocrx_word' id='word_1_208' title='bbox 1107 2559 1221 2624; x_wconf 81' lang='lat' dir='ltr'>suavior</span> <span class='ocrx_word' id='word_1_209' title='bbox 1234 2560 1272 2622; x_wconf 91' lang='lat' dir='ltr'>ad</span> <span class='ocrx_word' id='word_1_210' title='bbox 1284 2559 1497 2642; x_wconf 68' lang='lat' dir='ltr'>spedatornrn</span> <span class='ocrx_word' id='word_1_211' title='bbox 1541 2590 1543 2655; x_wconf 63' lang='lat'>3</span> 
     </span>
     <span class='ocr_line' id='line_1_24' title="bbox 366 2645 1496 2736; baseline -0.002 -23"><span class='ocrx_word' id='word_1_212' title='bbox 366 2652 532 2736; x_wconf 89' lang='lat' dir='ltr'>perveniret</span> <span class='ocrx_word' id='word_1_213' title='bbox 544 2672 637 2730; x_wconf 88' lang='lat' dir='ltr'>aures,</span> <span class='ocrx_word' id='word_1_214' title='bbox 658 2674 693 2718; x_wconf 89' lang='lat' dir='ltr'>ac</span> <span class='ocrx_word' id='word_1_215' title='bbox 708 2675 745 2718; x_wconf 89' lang='lat' dir='ltr'>ne</span> <span class='ocrx_word' id='word_1_216' title='bbox 758 2675 817 2718; x_wconf 83' lang='lat' dir='ltr'>vox</span> <span class='ocrx_word' id='word_1_217' title='bbox 831 2653 996 2735; x_wconf 87' lang='lat' dir='ltr'>impediret,</span> <span class='ocrx_word' id='word_1_218' title='bbox 1019 2649 1062 2714; x_wconf 91' lang='lat' dir='ltr'>ita</span> <span class='ocrx_word' id='word_1_219' title='bbox 1077 2645 1234 2732; x_wconf 84' lang='lat' dir='ltr'>compositi</span> <span class='ocrx_word' id='word_1_220' title='bbox 1255 2661 1341 2711; x_wconf 87' lang='lat' dir='ltr'>erant</span> <span class='ocrx_word' id='word_1_221' title='bbox 1363 2649 1496 2731; x_wconf 71' lang='lat' dir='ltr'>gradum,</span> 
     </span>
     <span class='ocr_line' id='line_1_25' title="bbox 365 2735 1495 2825; baseline -0.005 -23"><span class='ocrx_word' id='word_1_222' title='bbox 365 2753 400 2802; x_wconf 87' lang='lat' dir='ltr'>ut</span> <span class='ocrx_word' id='word_1_223' title='bbox 421 2738 497 2802; x_wconf 90' lang='lat' dir='ltr'>linea</span> <span class='ocrx_word' id='word_1_224' title='bbox 517 2759 612 2821; x_wconf 88' lang='lat' dir='ltr'>quum</span> <span class='ocrx_word' id='word_1_225' title='bbox 640 2741 677 2804; x_wconf 88' lang='lat' dir='ltr'>ad</span> <span class='ocrx_word' id='word_1_226' title='bbox 705 2745 798 2805; x_wconf 88' lang='lat' dir='ltr'>imum</span> <span class='ocrx_word' id='word_1_227' title='bbox 824 2740 952 2825; x_wconf 86' lang='lat' dir='ltr'>gradum</span> <span class='ocrx_word' id='word_1_228' title='bbox 978 2753 1010 2802; x_wconf 89' lang='lat' dir='ltr'>et</span> <span class='ocrx_word' id='word_1_229' title='bbox 1035 2738 1074 2801; x_wconf 92' lang='lat' dir='ltr'>ad</span> <span class='ocrx_word' id='word_1_230' title='bbox 1093 2735 1243 2800; x_wconf 85' lang='lat' dir='ltr'>summunt</span> <span class='ocrx_word' id='word_1_231' title='bbox 1266 2748 1392 2798; x_wconf 78' lang='lat' dir='ltr'>extenta</span> <span class='ocrx_word' id='word_1_232' title='bbox 1405 2735 1495 2810; x_wconf 83' lang='lat' dir='ltr'>esset,</span> 
     </span>
     <span class='ocr_line' id='line_1_26' title="bbox 364 2815 1497 2910; baseline -0.002 -22"><span class='ocrx_word' id='word_1_233' title='bbox 364 2825 464 2906; x_wconf 87' lang='lat' dir='ltr'>omnia</span> <span class='ocrx_word' id='word_1_234' title='bbox 494 2815 645 2889; x_wconf 78' lang='lat' dir='ltr'>cacumin‘a</span> <span class='ocrx_word' id='word_1_235' title='bbox 667 2828 814 2910; x_wconf 85' lang='lat' dir='ltr'>graduum</span> <span class='ocrx_word' id='word_1_236' title='bbox 838 2822 1020 2910; x_wconf 89' lang='lat' dir='ltr'>angulosque</span> <span class='ocrx_word' id='word_1_237' title='bbox 1047 2839 1191 2908; x_wconf 86' lang='lat' dir='ltr'>tangeret.</span> <span class='ocrx_word' id='word_1_238' title='bbox 1232 2825 1346 2904; x_wconf 88' lang='lat' dir='ltr'>-Atque</span> <span class='ocrx_word' id='word_1_239' title='bbox 1366 2838 1405 2885; x_wconf 91' lang='lat' dir='ltr'>ut</span> <span class='ocrx_word' id='word_1_240' title='bbox 1435 2841 1497 2886; x_wconf 88' lang='lat' dir='ltr'>vox</span> 
     </span>
     <span class='ocr_line' id='line_1_27' title="bbox 365 2900 1543 2996; baseline -0.003 -21"><span class='ocrx_word' id='word_1_241' title='bbox 365 2911 515 2992; x_wconf 74' lang='lat' dir='ltr'>Asturum</span> <span class='ocrx_word' id='word_1_242' title='bbox 549 2909 664 2976; x_wconf 87' lang='lat' dir='ltr'>suavior</span> <span class='ocrx_word' id='word_1_243' title='bbox 687 2931 718 2976; x_wconf 89' lang='lat' dir='ltr'>et</span> <span class='ocrx_word' id='word_1_244' title='bbox 753 2913 906 2977; x_wconf 90' lang='lat' dir='ltr'>delicatior</span> <span class='ocrx_word' id='word_1_245' title='bbox 940 2911 1153 2996; x_wconf 71' lang='lat' dir='ltr'>spedatoribus</span> <span class='ocrx_word' id='word_1_246' title='bbox 1183 2909 1343 2984; x_wconf 84' lang='lat' dir='ltr'>uideretur,</span> <span class='ocrx_word' id='word_1_247' title='bbox 1370 2909 1496 2991; x_wconf 82' lang='lat' dir='ltr'>antiqui</span> <span class='ocrx_word' id='word_1_248' title='bbox 1541 2900 1543 2953; x_wconf 70' lang='lat'><strong>¹</strong></span> 
     </span>
     <span class='ocr_line' id='line_1_28' title="bbox 366 2997 1495 3076; baseline -0.003 -15"><span class='ocrx_word' id='word_1_249' title='bbox 366 3002 550 3066; x_wconf 86' lang='lat' dir='ltr'>Graecorum</span> <span class='ocrx_word' id='word_1_250' title='bbox 567 2999 706 3076; x_wconf 87' lang='lat' dir='ltr'>artifices,</span> <span class='ocrx_word' id='word_1_251' title='bbox 731 3002 806 3064; x_wconf 87' lang='lat' dir='ltr'>inter</span> <span class='ocrx_word' id='word_1_252' title='bbox 820 2999 900 3064; x_wconf 87' lang='lat' dir='ltr'>sedes</span> <span class='ocrx_word' id='word_1_253' title='bbox 910 2999 1015 3062; x_wconf 89' lang='lat' dir='ltr'>theatri</span> <span class='ocrx_word' id='word_1_254' title='bbox 1027 2997 1119 3062; x_wconf 81' lang='lat' dir='ltr'>Cellas</span> <span class='ocrx_word' id='word_1_255' title='bbox 1132 2999 1351 3062; x_wconf 84' lang='lat' dir='ltr'>constituerunt</span> <span class='ocrx_word' id='word_1_256' title='bbox 1373 2999 1495 3060; x_wconf 88' lang='lat' dir='ltr'>ratione</span> 
     </span>
     <span class='ocr_line' id='line_1_29' title="bbox 338 3080 1542 3174; baseline 0.002 -28"><span class='ocrx_word' id='word_1_257' title='bbox 338 3113 340 3118; x_wconf 96' lang='lat'>·</span> <span class='ocrx_word' id='word_1_258' title='bbox 366 3085 492 3163; x_wconf 79' lang='lat' dir='ltr'>Musica,</span> <span class='ocrx_word' id='word_1_259' title='bbox 515 3088 544 3148; x_wconf 93' lang='lat' dir='ltr'>in</span> <span class='ocrx_word' id='word_1_260' title='bbox 569 3089 680 3170; x_wconf 89' lang='lat' dir='ltr'>quibus</span> <span class='ocrx_word' id='word_1_261' title='bbox 706 3080 780 3174; x_wconf 84' lang='lat' dir='ltr'>Vasa</span> <span class='ocrx_word' id='word_1_262' title='bbox 803 3084 901 3162; x_wconf 77' lang='lat' dir='ltr'>aenea,</span> <span class='ocrx_word' id='word_1_263' title='bbox 924 3106 978 3168; x_wconf 93' lang='lat' dir='ltr'>pro</span> <span class='ocrx_word' id='word_1_264' title='bbox 996 3086 1119 3148; x_wconf 86' lang='lat' dir='ltr'>ratione</span> <span class='ocrx_word' id='word_1_265' title='bbox 1146 3084 1361 3166; x_wconf 88' lang='lat' dir='ltr'>magnitudinis</span> <span class='ocrx_word' id='word_1_266' title='bbox 1382 3084 1495 3148; x_wconf 87' lang='lat' dir='ltr'>theatri</span> <span class='ocrx_word' id='word_1_267' title='bbox 1541 3126 1542 3157; x_wconf 68' lang='lat' dir='ltr'>r</span> 
     </span>
     <span class='ocr_line' id='line_1_30' title="bbox 364 3167 1494 3255; baseline 0.001 -23"><span class='ocrx_word' id='word_1_268' title='bbox 364 3167 682 3247; x_wconf 78' lang='lat' dir='ltr'>sasiacollocabantur,</span> <span class='ocrx_word' id='word_1_269' title='bbox 704 3194 780 3255; x_wconf 90' lang='lat' dir='ltr'>quae</span> <span class='ocrx_word' id='word_1_270' title='bbox 794 3175 834 3252; x_wconf 89' lang='lat' dir='ltr'>ita</span> <span class='ocrx_word' id='word_1_271' title='bbox 849 3171 987 3236; x_wconf 83' lang='lat' dir='ltr'>fabricata</span> <span class='ocrx_word' id='word_1_272' title='bbox 1008 3186 1102 3248; x_wconf 90' lang='lat' dir='ltr'>erant,</span> <span class='ocrx_word' id='word_1_273' title='bbox 1126 3189 1161 3234; x_wconf 89' lang='lat' dir='ltr'>ut</span> <span class='ocrx_word' id='word_1_274' title='bbox 1175 3189 1269 3252; x_wconf 90' lang='lat' dir='ltr'>quum</span> <span class='ocrx_word' id='word_1_275' title='bbox 1294 3185 1494 3254; x_wconf 86' lang='lat' dir='ltr'>taugerentur</span> 
     </span>
     <span class='ocr_line' id='line_1_31' title="bbox 364 3255 1543 3342; baseline -0.002 -20"><span class='ocrx_word' id='word_1_276' title='bbox 364 3276 480 3336; x_wconf 76' lang='lat' dir='ltr'>esoce,</span> <span class='ocrx_word' id='word_1_277' title='bbox 502 3255 629 3322; x_wconf 91' lang='lat' dir='ltr'>sonitum</span> <span class='ocrx_word' id='word_1_278' title='bbox 654 3259 782 3323; x_wconf 85' lang='lat' dir='ltr'>facerent</span> <span class='ocrx_word' id='word_1_279' title='bbox 806 3261 882 3323; x_wconf 89' lang='lat' dir='ltr'>inter</span> <span class='ocrx_word' id='word_1_280' title='bbox 906 3258 944 3322; x_wconf 91' lang='lat' dir='ltr'>se.</span> <span class='ocrx_word' id='word_1_281' title='bbox 988 3263 1096 3342; x_wconf 82' lang='lat' dir='ltr'>quue</span> <span class='ocrx_word' id='word_1_282' title='bbox 1118 3257 1245 3321; x_wconf 90' lang='lat' dir='ltr'>artificio</span> <span class='ocrx_word' id='word_1_283' title='bbox 1256 3257 1405 3320; x_wconf 89' lang='lat' dir='ltr'>collocata</span> <span class='ocrx_word' id='word_1_284' title='bbox 1424 3255 1492 3320; x_wconf 85' lang='lat' dir='ltr'>sue·</span> <span class='ocrx_word' id='word_1_285' title='bbox 1541 3260 1543 3329; x_wconf 58' lang='lat' dir='ltr'>i</span> 
     </span>
     <span class='ocr_line' id='line_1_32' title="bbox 359 3344 1543 3430; baseline -0.002 -22"><span class='ocrx_word' id='word_1_286' title='bbox 359 3359 447 3419; x_wconf 84' lang='lat' dir='ltr'>runt,</span> <span class='ocrx_word' id='word_1_287' title='bbox 469 3359 504 3407; x_wconf 93' lang='lat' dir='ltr'>ut</span> <span class='ocrx_word' id='word_1_288' title='bbox 519 3347 633 3408; x_wconf 88' lang='lat' dir='ltr'>nullum</span> <span class='ocrx_word' id='word_1_289' title='bbox 650 3349 789 3428; x_wconf 86' lang='lat' dir='ltr'>parietem</span> <span class='ocrx_word' id='word_1_290' title='bbox 805 3360 966 3430; x_wconf 88' lang='lat' dir='ltr'>tangerent,</span> <span class='ocrx_word' id='word_1_291' title='bbox 987 3349 1127 3428; x_wconf 90' lang='lat' dir='ltr'>circaque</span> <span class='ocrx_word' id='word_1_292' title='bbox 1147 3344 1290 3408; x_wconf 89' lang='lat' dir='ltr'>haberent</span> <span class='ocrx_word' id='word_1_293' title='bbox 1311 3345 1418 3408; x_wconf 88' lang='lat' dir='ltr'>locum</span> <span class='ocrx_word' id='word_1_294' title='bbox 1439 3365 1492 3406; x_wconf 86' lang='lat' dir='ltr'>va·</span> <span class='ocrx_word' id='word_1_295' title='bbox 1541 3382 1543 3387; x_wconf 68' lang='lat'>,</span> 
     </span>
     <span class='ocr_line' id='line_1_33' title="bbox 366 3429 1543 3519; baseline 0 -25"><span class='ocrx_word' id='word_1_296' title='bbox 366 3451 468 3510; x_wconf 89' lang='lat' dir='ltr'>cuum,</span> <span class='ocrx_word' id='word_1_297' title='bbox 490 3448 522 3494; x_wconf 92' lang='lat' dir='ltr'>et</span> <span class='ocrx_word' id='word_1_298' title='bbox 536 3433 649 3498; x_wconf 88' lang='lat' dir='ltr'>summo</span> <span class='ocrx_word' id='word_1_299' title='bbox 663 3433 757 3514; x_wconf 86' lang='lat' dir='ltr'>capite</span> <span class='ocrx_word' id='word_1_300' title='bbox 782 3430 918 3514; x_wconf 89' lang='lat' dir='ltr'>spatium,</span> <span class='ocrx_word' id='word_1_301' title='bbox 941 3434 1190 3515; x_wconf 87' lang='lat' dir='ltr'>ponebanturque</span> <span class='ocrx_word' id='word_1_302' title='bbox 1208 3445 1239 3494; x_wconf 92' lang='lat' dir='ltr'>et</span> <span class='ocrx_word' id='word_1_303' title='bbox 1264 3429 1401 3513; x_wconf 88' lang='lat' dir='ltr'>suspensa</span> <span class='ocrx_word' id='word_1_304' title='bbox 1422 3451 1491 3494; x_wconf 88' lang='lat' dir='ltr'>cer·</span> <span class='ocrx_word' id='word_1_305' title='bbox 1541 3430 1543 3519; x_wconf 66' lang='grc' dir='ltr'><em>ξ</em></span> 
     </span>
     <span class='ocr_line' id='line_1_34' title="bbox 262 3515 1543 3602; baseline -0.001 -20"><span class='ocrx_word' id='word_1_306' title='bbox 262 3575 264 3582; x_wconf 95' lang='grc'>.</span> <span class='ocrx_word' id='word_1_307' title='bbox 364 3519 511 3580; x_wconf 74' lang='lat' dir='ltr'>rebantur</span> <span class='ocrx_word' id='word_1_308' title='bbox 532 3538 584 3582; x_wconf 89' lang='lat' dir='ltr'>ore</span> <span class='ocrx_word' id='word_1_309' title='bbox 607 3521 721 3595; x_wconf 86' lang='lat' dir='ltr'>declivi,</span> <span class='ocrx_word' id='word_1_310' title='bbox 742 3521 823 3582; x_wconf 91' lang='lat' dir='ltr'>utin</span> <span class='ocrx_word' id='word_1_311' title='bbox 842 3521 877 3583; x_wconf 94' lang='lat' dir='ltr'>iis</span> <span class='ocrx_word' id='word_1_312' title='bbox 904 3539 964 3583; x_wconf 86' lang='lat' dir='ltr'>vox</span> <span class='ocrx_word' id='word_1_313' title='bbox 985 3518 1120 3582; x_wconf 77' lang='lat' dir='ltr'>rusiorum</span> <span class='ocrx_word' id='word_1_314' title='bbox 1146 3515 1279 3602; x_wconf 75' lang='lat' dir='ltr'>ingressa,</span> <span class='ocrx_word' id='word_1_315' title='bbox 1300 3518 1489 3583; x_wconf 82' lang='lat' dir='ltr'>harmoniam</span> <span class='ocrx_word' id='word_1_316' title='bbox 1541 3528 1543 3581; x_wconf 78' lang='lat' dir='ltr'>i</span> 
     </span>
     <span class='ocr_line' id='line_1_35' title="bbox 260 3601 1542 3689; baseline 0.002 -22"><span class='ocrx_word' id='word_1_317' title='bbox 260 3667 262 3674; x_wconf 84' lang='lat'>.</span> <span class='ocrx_word' id='word_1_318' title='bbox 363 3601 500 3679; x_wconf 88' lang='lat' dir='ltr'>efficeret,</span> <span class='ocrx_word' id='word_1_319' title='bbox 523 3601 689 3680; x_wconf 63' lang='lat' dir='ltr'>et‘erariam</span> <span class='ocrx_word' id='word_1_320' title='bbox 711 3605 859 3688; x_wconf 88' lang='lat' dir='ltr'>quandam</span> <span class='ocrx_word' id='word_1_321' title='bbox 882 3605 1000 3670; x_wconf 83' lang='lat' dir='ltr'>afferret</span> <span class='ocrx_word' id='word_1_322' title='bbox 1026 3602 1251 3688; x_wconf 65' lang='lat' dir='ltr'>[pestatoribnq</span> <span class='ocrx_word' id='word_1_323' title='bbox 1277 3620 1372 3688; x_wconf 88' lang='lat' dir='ltr'>utque</span> <span class='ocrx_word' id='word_1_324' title='bbox 1397 3603 1490 3669; x_wconf 85' lang='lat' dir='ltr'>intei-</span> <span class='ocrx_word' id='word_1_325' title='bbox 1541 3640 1542 3689; x_wconf 77' lang='lat'><em>3</em></span> 
     </span>
     <span class='ocr_line' id='line_1_36' title="bbox 304 3689 1542 3776; baseline 0.002 -22"><span class='ocrx_word' id='word_1_326' title='bbox 304 3735 306 3744; x_wconf 68' lang='lat'>,</span> <span class='ocrx_word' id='word_1_327' title='bbox 362 3689 442 3754; x_wconf 73' lang='lat' dir='ltr'>testu</span> <span class='ocrx_word' id='word_1_328' title='bbox 466 3689 666 3758; x_wconf 78' lang='lat' dir='ltr'>iacilioresset.</span> <span class='ocrx_word' id='word_1_329' title='bbox 711 3693 789 3756; x_wconf 91' lang='lat' dir='ltr'>Tale</span> <span class='ocrx_word' id='word_1_330' title='bbox 807 3691 951 3776; x_wconf 88' lang='lat' dir='ltr'>quiddam</span> <span class='ocrx_word' id='word_1_331' title='bbox 972 3692 1061 3755; x_wconf 91' lang='lat' dir='ltr'>audio</span> <span class='ocrx_word' id='word_1_332' title='bbox 1082 3693 1181 3756; x_wconf 90' lang='lat' dir='ltr'>adbuc</span> <span class='ocrx_word' id='word_1_333' title='bbox 1205 3691 1297 3755; x_wconf 90' lang='lat' dir='ltr'>hodie</span> <span class='ocrx_word' id='word_1_334' title='bbox 1310 3690 1430 3757; x_wconf 74' lang='lat' dir='ltr'>exstare</span> <span class='ocrx_word' id='word_1_335' title='bbox 1457 3694 1489 3756; x_wconf 92' lang='lat' dir='ltr'>iu</span> <span class='ocrx_word' id='word_1_336' title='bbox 1541 3696 1542 3749; x_wconf 76' lang='grc' dir='ltr'>ἶ</span> 
     </span>
     <span class='ocr_line' id='line_1_37' title="bbox 330 3773 1543 3864; baseline 0.005 -26"><span class='ocrx_word' id='word_1_337' title='bbox 330 3793 334 3804; x_wconf 90' lang='grc'><em>·</em></span> <span class='ocrx_word' id='word_1_338' title='bbox 363 3773 541 3860; x_wconf 88' lang='lat' dir='ltr'>quibusdam</span> <span class='ocrx_word' id='word_1_339' title='bbox 556 3781 671 3860; x_wconf 89' lang='lat' dir='ltr'>templis</span> <span class='ocrx_word' id='word_1_340' title='bbox 681 3779 827 3861; x_wconf 88' lang='lat' dir='ltr'>antiquis,</span> <span class='ocrx_word' id='word_1_341' title='bbox 842 3799 1012 3862; x_wconf 89' lang='lat' dir='ltr'>quaenuuc</span> <span class='ocrx_word' id='word_1_342' title='bbox 1029 3799 1156 3862; x_wconf 86' lang='lat' dir='ltr'>quoque</span> <span class='ocrx_word' id='word_1_343' title='bbox 1175 3776 1332 3862; x_wconf 86' lang='lat' dir='ltr'>supersunt</span> <span class='ocrx_word' id='word_1_344' title='bbox 1355 3782 1484 3864; x_wconf 86' lang='lat' dir='ltr'>integra,</span> <span class='ocrx_word' id='word_1_345' title='bbox 1541 3776 1543 3857; x_wconf 67' lang='lat' dir='ltr'><em>J</em></span> 
     </span>
    </p>
   </div>
   <div class='ocr_carea' id='block_1_3' title="bbox 228 3859 1483 3948">
    <p class='ocr_par' dir='ltr' id='par_1_3' title="bbox 228 3859 1483 3948">
     <span class='ocr_line' id='line_1_38' title="bbox 228 3859 1483 3948; baseline 0.002 -20"><span class='ocrx_word' id='word_1_346' title='bbox 228 3859 231 3870; x_wconf 74' lang='lat'><em>&#39;</em></span> <span class='ocrx_word' id='word_1_347' title='bbox 361 3867 444 3948; x_wconf 80' lang='lat' dir='ltr'>apud</span> <span class='ocrx_word' id='word_1_348' title='bbox 458 3865 571 3930; x_wconf 84' lang='lat' dir='ltr'>nostrae</span> <span class='ocrx_word' id='word_1_349' title='bbox 591 3865 767 3948; x_wconf 86' lang='lat' dir='ltr'>tempestatis</span> <span class='ocrx_word' id='word_1_350' title='bbox 783 3871 924 3932; x_wconf 88' lang='lat' dir='ltr'>Graecos.</span> <span class='ocrx_word' id='word_1_351' title='bbox 968 3865 1004 3928; x_wconf 92' lang='lat' dir='ltr'>ln</span> <span class='ocrx_word' id='word_1_352' title='bbox 1030 3886 1163 3948; x_wconf 88' lang='lat' dir='ltr'>quorum</span> <span class='ocrx_word' id='word_1_353' title='bbox 1186 3864 1298 3930; x_wconf 81' lang='lat' dir='ltr'>fornice</span> <span class='ocrx_word' id='word_1_354' title='bbox 1327 3864 1483 3939; x_wconf 85' lang='lat' dir='ltr'>inferiore,</span> 
     </span>
    </p>
   </div>
   <div class='ocr_carea' id='block_1_4' title="bbox 359 3947 1542 4124">
    <p class='ocr_par' dir='ltr' id='par_1_4' title="bbox 359 3947 1542 4124">
     <span class='ocr_line' id='line_1_39' title="bbox 360 3947 1542 4035; baseline 0 -21"><span class='ocrx_word' id='word_1_355' title='bbox 360 3965 454 4032; x_wconf 84' lang='lat' dir='ltr'>atque</span> <span class='ocrx_word' id='word_1_356' title='bbox 479 3947 626 4033; x_wconf 89' lang='lat' dir='ltr'>superiore</span> <span class='ocrx_word' id='word_1_357' title='bbox 652 3949 811 4015; x_wconf 79' lang='lat' dir='ltr'>varia-suut</span> <span class='ocrx_word' id='word_1_358' title='bbox 826 3951 970 4016; x_wconf 88' lang='lat' dir='ltr'>foramina</span> <span class='ocrx_word' id='word_1_359' title='bbox 984 3953 1055 4016; x_wconf 80' lang='lat' dir='ltr'>hinc</span> <span class='ocrx_word' id='word_1_360' title='bbox 1074 3954 1144 4015; x_wconf 90' lang='lat' dir='ltr'>inde</span> <span class='ocrx_word' id='word_1_361' title='bbox 1165 3951 1339 4034; x_wconf 82' lang='lat' dir='ltr'>conspersa,</span> <span class='ocrx_word' id='word_1_362' title='bbox 1362 3973 1399 4016; x_wconf 89' lang='lat' dir='ltr'>ac</span> <span class='ocrx_word' id='word_1_363' title='bbox 1428 3951 1482 4017; x_wconf 85' lang='lat' dir='ltr'>sibi</span> <span class='ocrx_word' id='word_1_364' title='bbox 1541 3970 1542 4035; x_wconf 13' lang='grc' dir='ltr'>ζ</span> 
     </span>
     <span class='ocr_line' id='line_1_40' title="bbox 359 4035 1542 4124; baseline 0 -25"><span class='ocrx_word' id='word_1_365' title='bbox 359 4037 453 4120; x_wconf 80' lang='lat' dir='ltr'>veluti</span> <span class='ocrx_word' id='word_1_366' title='bbox 464 4054 504 4103; x_wconf 85' lang='lat' dir='ltr'>ex</span> <span class='ocrx_word' id='word_1_367' title='bbox 517 4036 660 4102; x_wconf 87' lang='lat' dir='ltr'>diametro</span> <span class='ocrx_word' id='word_1_368' title='bbox 674 4035 712 4100; x_wconf 92' lang='lat' dir='ltr'>ab</span> <span class='ocrx_word' id='word_1_369' title='bbox 726 4057 787 4102; x_wconf 91' lang='lat' dir='ltr'>uuo</span> <span class='ocrx_word' id='word_1_370' title='bbox 800 4041 931 4103; x_wconf 86' lang='lat' dir='ltr'>adalind</span> <span class='ocrx_word' id='word_1_371' title='bbox 946 4042 1023 4103; x_wconf 84' lang='lat' dir='ltr'>latus</span> <span class='ocrx_word' id='word_1_372' title='bbox 1034 4036 1303 4122; x_wconf 88' lang='lat' dir='ltr'>correspondentia,</span> <span class='ocrx_word' id='word_1_373' title='bbox 1328 4041 1483 4124; x_wconf 86' lang='lat' dir='ltr'>inquibus</span> <span class='ocrx_word' id='word_1_374' title='bbox 1541 4040 1542 4083; x_wconf 66' lang='lat' dir='ltr'>l</span> 
     </span>
    </p>
   </div>
   <div class='ocr_carea' id='block_1_5' title="bbox 298 4291 1481 4380">
    <p class='ocr_par' dir='ltr' id='par_1_5' title="bbox 298 4291 1481 4380">
     <span class='ocr_line' id='line_1_41' title="bbox 298 4291 1481 4380; baseline 0.007 -27"><span class='ocrx_word' id='word_1_375' title='bbox 298 4378 301 4380; x_wconf 19' lang='grc'>-</span> <span class='ocrx_word' id='word_1_376' title='bbox 360 4291 421 4357; x_wconf 79' lang='lat' dir='ltr'>uria</span> <span class='ocrx_word' id='word_1_377' title='bbox 441 4298 471 4358; x_wconf 92' lang='lat' dir='ltr'>in</span> <span class='ocrx_word' id='word_1_378' title='bbox 486 4299 597 4380; x_wconf 84' lang='lat' dir='ltr'>templo</span> <span class='ocrx_word' id='word_1_379' title='bbox 610 4297 777 4359; x_wconf 86' lang='lat' dir='ltr'>canentium</span> <span class='ocrx_word' id='word_1_380' title='bbox 796 4295 920 4373; x_wconf 90' lang='lat' dir='ltr'>inclusa,</span> <span class='ocrx_word' id='word_1_381' title='bbox 942 4299 1147 4364; x_wconf 87' lang='lat' dir='ltr'>incredibilem</span> <span class='ocrx_word' id='word_1_382' title='bbox 1169 4297 1260 4364; x_wconf 85' lang='lat' dir='ltr'>efficit</span> <span class='ocrx_word' id='word_1_383' title='bbox 1280 4300 1481 4374; x_wconf 88' lang='lat' dir='ltr'>harmoniam,</span> 
     </span>
    </p>
   </div>
   <div class='ocr_carea' id='block_1_6' title="bbox 231 4376 1483 4474">
    <p class='ocr_par' dir='ltr' id='par_1_6' title="bbox 231 4376 1483 4474">
     <span class='ocr_line' id='line_1_42' title="bbox 231 4376 1483 4474; baseline 0.005 -30"><span class='ocrx_word' id='word_1_384' title='bbox 231 4417 236 4444; x_wconf 62' lang='lat' dir='ltr'>r</span> <span class='ocrx_word' id='word_1_385' title='bbox 360 4376 504 4466; x_wconf 63' lang='lat' dir='ltr'>suumque</span> <span class='ocrx_word' id='word_1_386' title='bbox 522 4380 760 4462; x_wconf 73' lang='lat' dir='ltr'>euinuiinos,</span> <span class='ocrx_word' id='word_1_387' title='bbox 780 4399 811 4449; x_wconf 88' lang='lat' dir='ltr'>et</span> <span class='ocrx_word' id='word_1_388' title='bbox 823 4385 986 4470; x_wconf 86' lang='lat' dir='ltr'>admodum</span> <span class='ocrx_word' id='word_1_389' title='bbox 998 4402 1111 4472; x_wconf 80' lang='lat' dir='ltr'>gmtos,</span> <span class='ocrx_word' id='word_1_390' title='bbox 1133 4402 1224 4474; x_wconf 85' lang='lat' dir='ltr'>atque</span> <span class='ocrx_word' id='word_1_391' title='bbox 1238 4388 1349 4461; x_wconf 78' lang='lat' dir='ltr'>auditu</span> <span class='ocrx_word' id='word_1_392' title='bbox 1371 4386 1483 4453; x_wconf 83' lang='lat' dir='ltr'>faciles·</span> 
     </span>
    </p>
   </div>
   <div class='ocr_carea' id='block_1_7' title="bbox 360 4112 1542 4294">
    <p class='ocr_par' dir='ltr' id='par_1_7' title="bbox 360 4112 1543 4565">
     <span class='ocr_line' id='line_1_43' title="bbox 361 4112 1542 4211; baseline 0.003 -27"><span class='ocrx_word' id='word_1_393' title='bbox 361 4121 426 4186; x_wconf 87' lang='lat' dir='ltr'>vasa</span> <span class='ocrx_word' id='word_1_394' title='bbox 440 4143 532 4190; x_wconf 86' lang='lat' dir='ltr'>aenea</span> <span class='ocrx_word' id='word_1_395' title='bbox 544 4123 671 4207; x_wconf 72' lang='lat' dir='ltr'>impasta</span> <span class='ocrx_word' id='word_1_396' title='bbox 684 4119 761 4203; x_wconf 89' lang='lat' dir='ltr'>sunt,</span> <span class='ocrx_word' id='word_1_397' title='bbox 783 4145 911 4208; x_wconf 88' lang='lat' dir='ltr'>quorum</span> <span class='ocrx_word' id='word_1_398' title='bbox 924 4146 959 4189; x_wconf 87' lang='lat' dir='ltr'>os</span> <span class='ocrx_word' id='word_1_399' title='bbox 970 4128 1067 4209; x_wconf 91' lang='lat' dir='ltr'>(quod</span> <span class='ocrx_word' id='word_1_400' title='bbox 1080 4125 1233 4211; x_wconf 83' lang='lat' dir='ltr'>angustius</span> <span class='ocrx_word' id='word_1_401' title='bbox 1248 4125 1301 4201; x_wconf 87' lang='lat' dir='ltr'>est,</span> <span class='ocrx_word' id='word_1_402' title='bbox 1311 4147 1413 4210; x_wconf 90' lang='lat' dir='ltr'>qnam</span> <span class='ocrx_word' id='word_1_403' title='bbox 1425 4122 1485 4209; x_wconf 86' lang='lat' dir='ltr'>ipse</span> <span class='ocrx_word' id='word_1_404' title='bbox 1541 4112 1542 4163; x_wconf 73' lang='lat' dir='ltr'>i</span> 
     </span>
     <span class='ocr_line' id='line_1_44' title="bbox 360 4209 1484 4294; baseline 0.006 -25"><span class='ocrx_word' id='word_1_405' title='bbox 360 4219 474 4292; x_wconf 85' lang='lat' dir='ltr'>venter)</span> <span class='ocrx_word' id='word_1_406' title='bbox 492 4227 608 4276; x_wconf 85' lang='lat' dir='ltr'>tantum</span> <span class='ocrx_word' id='word_1_407' title='bbox 632 4209 761 4272; x_wconf 84' lang='lat' dir='ltr'>exterius</span> <span class='ocrx_word' id='word_1_408' title='bbox 783 4228 878 4294; x_wconf 82' lang='lat' dir='ltr'>patet,</span> <span class='ocrx_word' id='word_1_409' title='bbox 894 4233 954 4276; x_wconf 92' lang='lat' dir='ltr'>nou</span> <span class='ocrx_word' id='word_1_410' title='bbox 978 4213 1066 4277; x_wconf 90' lang='lat' dir='ltr'>etiam</span> <span class='ocrx_word' id='word_1_411' title='bbox 1089 4215 1249 4293; x_wconf 89' lang='lat' dir='ltr'>prominet.</span> <span class='ocrx_word' id='word_1_412' title='bbox 1294 4219 1331 4278; x_wconf 94' lang='lat' dir='ltr'>ln</span> <span class='ocrx_word' id='word_1_413' title='bbox 1354 4233 1391 4277; x_wconf 87' lang='lat' dir='ltr'>ea</span> <span class='ocrx_word' id='word_1_414' title='bbox 1406 4209 1484 4287; x_wconf 86' lang='lat' dir='ltr'>uasa,</span> 
     </span>
    </p>
   </div>
   <div class='ocr_carea' id='block_1_8' title="bbox 1423 4469 1486 4540">
    <p class='ocr_par' dir='ltr' id='par_1_8' title="bbox 1423 4469 1486 4540">
     <span class='ocr_line' id='line_1_45' title="bbox 1423 4469 1486 4540; baseline 0 0"><span class='ocrx_word' id='word_1_415' title='bbox 1423 4469 1486 4540; x_wconf 80' lang='lat' dir='ltr'>Sed</span> 
     </span>
    </p>
   </div>
   <div class='ocr_carea' id='block_1_9' title="bbox 0 0 1630 5259">
    <p class='ocr_par' dir='ltr' id='par_1_9' title="bbox 0 0 1630 5259">
     <span class='ocr_line' id='line_1_46' title="bbox 0 0 1630 5259; baseline 0 1"><span class='ocrx_word' id='word_1_416' title='bbox 0 0 1630 5259; x_wconf 95' lang='lat' dir='ltr'> </span> 
     </span>
    </p>
   </div>
  </div>
 </body>
</html>
