3250 5259
131 748 199 835 DE
225 740 505 841 CAPITOLIO
532 744 763 851 EJUSQJE
785 745 1227 829 MAGNtntcEttutu.

117 1050 278 1265 Mortis
293 1100 454 1186 Tarpeius,
477 1098 575 1165 didius
591 1097 690 1185 postea
704 1099 907 1185 Capitolinus,
927 1101 1013 1167 aditu
1028 1100 1231 1181 difficillimus,

230 1213 264 1256 ac
293 1204 472 1275 ptaeruptus,
496 1186 644 1273 fastigiata
668 1188 846 1273 adsurgebat
866 1193 985 1266 vertice,
1006 1189 1076 1255 crim
1100 1190 1235 1274 Tarqui·

115 1277 310 1357 niusPtiscus,
330 1297 392 1341 non
408 1272 555 1361 praesentis
572 1280 723 1359 temporis,
747 1274 795 1340 sed
808 1277 906 1341 futuri
920 1278 1036 1362 imperii
1048 1278 1237 1363 magnitudi-¹

115 1368 289 1433 nemanimn
302 1363 490 1449 complexus,
512 1362 748 1447 augussiffimum
764 1366 848 1443 Juvis
861 1365 1008 1449 templum
1027 1367 1058 1429 in
1072 1367 1131 1429 boc
1145 1368 1236 1429 vetti·

117 1458 173 1519 tice
195 1448 340 1517 aedificute
368 1451 527 1518 meditatus
553 1448 605 1513 est.
646 1452 725 1535 Jecit
756 1450 960 1529 fundamenta,
981 1454 1012 1515 81
1035 1453 1182 1519 immensis
1200 1472 1236 1519 ac

116 1538 338 1607 laboriostffimis
366 1534 645 1617 substructionibus,
682 1535 887 1624 congestisque
909 1538 1082 1623 aggeribus,
1117 1541 1237 1621 planam

119 1628 211 1693 effecit
237 1645 346 1705 aream,
368 1625 407 1689 ad
436 1625 624 1708 excipiendas
652 1625 747 1691 sacras
777 1627 855 1689 aedes
881 1627 1066 1707 aptiffimam.
1112 1623 1237 1708 Dionys.

120 1712 308 1781 Halicarnass.
331 1710 432 1795 Antip.
447 1707 533 1775 Rom.
561 1716 618 1791 ΙΙΙ,
639 1733 683 1797 49
698 1713 794 1794 &69.
834 1715 891 1777 Hae
913 1710 1241 1791 suntsubstrutttones,

121 1825 189 1888 quus
202 1802 317 1867 Plinius
330 1798 476 1875 XXXVI,
504 1819 516 1863 1
523 1814 553 1885 ς,
576 1798 689 1947 ispanus
719 1798 862 1883 appellat,
883 1800 925 1864 ob
938 1799 1140 1865 incredibilem
1164 1820 1238 1885 npe-

121 1910 182 1955 rum
197 1886 415 1964 difficultatem,
438 1884 590 1949 &innuen
603 1906 634 1947 us
649 1886 781 1969 lapidum
794 1886 896 1951 moles.

160 1977 280 2045 Servius
302 1972 424 2037 Tullius
448 1972 478 2035 dt
507 1974 693 2057 Tarquinius
715 1972 877 2057 Superbus,
897 1975 1009 2058 grande
1034 1994 1111 2058 opus
1138 1972 1239 2058 prose·

121 2068 187 2140 cuti,
208 2062 357 2147 templum
378 2056 558 2123 exstruxere.
603 2062 778 2125 Fundatum
801 2058 843 2125 est
856 2062 887 2125 in
900 2060 959 2125 atu
982 2064 1144 2144 crepidine,
1167 2062 1240 2125 odiu

116 2152 251 2236 jugerum
264 2147 391 2225 ambitu,
411 2146 544 2211 ducentis
566 2142 657 2210 ferme
669 2146 797 2233 pedibus
811 2165 916 2232 patens
931 2170 983 2231 per
1004 2151 1098 2214 lutera
1111 2146 1240 2234 singnis,
1374 2205 1380 2226 ,

123 2239 225 2325 exigui
237 2234 408 2299 latitudinis
423 2232 451 2295 δι
464 2230 658 2321 longitudinis
672 2231 859 2299 differentiis
882 2234 1013 2301 latitudo
1024 2238 1104 2300 enim
1131 2258 1148 2300 n
1173 2238 1240 2300 lun·

122 2326 247 2411 gitudlne
260 2344 322 2387 non
336 2320 403 2386 totis
417 2320 586 2402 quindecim
648 2321 737 2386 dibus
761 2320 965 2404 superabatur.
1010 2326 1061 2385 Ex
1086 2324 1122 2385 ei
1146 2335 1241 2408 purte,

123 2414 179 2495 qui
197 2410 281 2476 frons
296 2408 402 2493 templi
425 2407 577 2471 meridiem
602 2341 760 2491 gestabat,
782 2408 891 2493 triplici
912 2408 1115 2472 columnatum
1135 2410 1244 2474 ordine

125 2500 307 2585 tingebatur,
328 2494 502 2561 aluteribus
521 2496 592 2559 verb
613 2495 738 2579 duplici.
783 2499 867 2560 Intus
881 2509 1044 2572 treserant
1057 2497 1150 2570 cellae,
1174 2515 1246 2581 que

114 2588 228 2671 .aequuii
243 2581 383 2651 distantis
408 2582 618 2647 communibus
632 2582 774 2647 lateribus
797 2582 1044 2647 contiuebuntur:
1067 2584 1165 2647 media
1180 2598 1246 2649 erat

126 2675 220 2757 Juvist
245 2668 420 2737 alutetibus
434 2670 525 2735 ultera
548 2670 685 2749 Junonis,
707 2668 799 2733 altera
822 2670 979 2745 Minetrae,
1000 2668 1031 2732 dt
1044 2664 1099 2733 sub
1113 2692 1177 2737 uno
1189 2692 1245 2735 eo-
1355 2735 1359 2740 .

128 2763 252 2847 demque
276 2758 357 2823 netto
381 2754 722 2841 comprehendebantur.
776 2758 850 2821 Haec
871 2756 1032 2841 Dionyfius
1057 2756 1245 2825 Halicarnasi.

129 2846 222 2932 Antip.
246 2842 335 2909 Rom.
355 2846 410 2917 1v,
430 2840 483 2907 61.
734 2904 739 2913 ‚

165 2935 327 3017 Quintum
340 2947 440 2996 autem
468 2926 667 3013 impensurum
687 2930 720 2993 in
744 2927 804 2995 hoc
831 2928 944 3015 templu
962 2928 1140 2997 aediiicando
1154 2932 1247 2997 fuerit

129 3017 235 3085 ludium
255 3017 397 3083 aestimati
425 3016 532 3103 potest,
552 3015 632 3093 curn,
665 3015 736 3083 teste
756 3018 855 3093 Livio,
883 3022 910 3093 I,
949 3038 965 3099 5
972 3036 1002 3099 ς,
1037 3018 1248 3102 quadringenta
1297 3044 1304 3050 ·

126 3106 237 3183 talenta,
277 3100 410 3174 Gallice
438 3117 567 3169 munetae
591 3103 675 3167 librae
705 3102 891 3191 2,t78,750,
927 3102 982 3201 virt
995 3102 1037 3177 ⁴in
1050 3105 1248 3197 fundamenta

119 3192 348 3365 lltl'sstiz·
371 3187 1251 3363 ltlt‘rillmllttltttl.flliqsssltllt

127 3378 320 3457 Plutarchus,
340 3377 373 3441 in
385 3375 547 3461 Poplicoli,
570 3397 637 3463 pag.
654 3394 723 3459 τος.
749 3364 896 3451 ’Λέγεται
920 3362 949 3430 δὲ
977 3371 1129 3457 Tupxuvaou
1146 3362 1184 3449 εἷς
1201 3363 1260 3442 τιῖτ

126 3462 250 3553 θεμιλῖκς
263 3462 420 3533 ἀναλῦσαι
437 3460 538 3553 λίτρας
554 3462 671 3555 τῖργυρῖτ
688 3458 937 3551 τετρακισμυρίας.

166 3563 270 3629 Tanta
286 3576 389 3625 autem
403 3560 483 3627 aedes
497 3560 544 3639 (ea
559 3574 623 3625 tum
646 3573 709 3625 erut
734 3577 854 3623 morum
867 3556 1049 3643 implicitus)
1063 3562 1249 3637 exaediiicutr
1275 3557 1278 3563 ’

126 3645 179 3725 est,
194 3666 229 3714 ut
243 3648 348 3714 fictilis
366 3645 481 3729 effigies
493 3644 579 3728 Jovis
608 3651 640 3712 in
664 3647 815 3729 Capitolio
829 3646 987 3710 locaretur.
1029 3652 1150 3713 Aurum
1170 3650 1253 3713 enim

127 3734 324 3821 &argentum
343 3754 381 3799 ne
405 3736 463 3801 diis
481 3733 604 3817 quidem
624 3731 844 3799 conficiebatur.
888 3731 1002 3797 Fictilis
1024 3734 1141 3799 tantum
1168 3738 1255 3801 colen

129 3822 213 3889 batur
226 3826 360 3908 Jupiter,
384 3823 415 3887 dt
428 3820 498 3885 ideo
513 3820 632 3887 miniari
657 3820 780 3886 solitus:
804 3818 909 3883 fistiles
935 3840 1057 3904 quoque
1081 3825 1114 3889 in
1136 3820 1255 3907 fastigio

129 3910 227 3994 tempii
244 3910 412 3995 quadriga.
435 3906 517 3973 Plin.
533 3904 663 3982 XXXV,
683 3926 732 3972 12.
756 3902 792 3969 ln
805 3905 862 3970 hac
875 3922 973 3972 tumen
985 3910 1051 3973 aede
1064 3912 1148 3994 Joris
1161 3911 1256 3993 Capi·

131 3994 439 4081 toliniscalptnrutum
454 3995 658 4078 pavimentum
678 3995 809 4075 primum
833 3990 949 4059 fastum
974 3994 1018 4057 est
1046 3996 1111 4079 pust
1134 3999 1257 4061 tertium

112 4082 278 4167 Punicum
290 4083 404 4153 bellum
415 4082 536 4148 initum.
553 4080 628 4145 Plin.
641 4082 790 4157 XXXVI,
815 4098 868 4165 25·
900 4082 974 4164 Ejus
994 4097 1095 4147 nutem
1108 4085 1259 4165 laquearia

129 4170 188 4260 pust
198 4170 418 4256 Carthaginem
441 4164 573 4258 evetiam
587 4169 721 4236 inaurata
739 4164 826 4234 lunt.
848 4169 925 4237 Ptin.
948 4168 1139 4256 xxx111‚3.

1139 4343 1263 4411 Conde-
