3250 5259
329 426 1125 553 ‘ou'm'nouonuu‘oj

160 677 214 732 net
240 687 514 738 maurannus:
537 681 571 731 m
589 669 795 756 inHortenfio,
818 669 901 740 ‘aEr
913 671 1013 738 iorum
1022 689 1174 752 annornm,
1186 678 1293 763 querito

159 764 184 794 “
198 754 446 844 sostishebemno,
475 777 596 837 mognus
609 755 755 826 flium
770 759 1084 844 annosompleeiitun’.
1128 765 1294 830 Certiffimi

156 842 386 908 emendandum
401 845 649 917 x‘irooeccntr,
673 863 707 907 ut
722 861 805 927 patet
825 863 918 909 tume
934 850 1056 920 Tacito,
1079 862 1144 912 tum
1158 873 1196 916 ex
1211 851 1291 934 ipsus,

159 933 268 1013 priore
289 931 357 996 loco
381 931 486 1007 allatio,
519 931 613 993 Servii
638 934 746 1003 verbio,
782 931 832 994 hoc
845 931 897 1018 fit,
935 945 968 996 nt
990 933 1125 1013 diximus,
1137 936 1292 1022 secundolae

161 1016 313 1080 Ciceronis
326 1015 522 1098 Hortenstum,
540 1016 599 1100 post
618 1039 706 1080 annos
718 1018 859 1082 duodecim
873 1018 966 1080 millio
987 1035 1135 1100 nongentos
1148 1022 1291 1108 quinquo·

156 1103 249 1184 ginta
261 1119 395 1185 quotuor.
420 1105 506 1166 ldern
520 1101 624 1167 suadet
638 1106 769 1177 Solinus,
780 1125 847 1187 cap.
864 1125 917 1191 33.
944 1107 1081 1170 Sisenim
1094 1111 1134 1172 ibi
1149 1111 1185 1172 de
1202 1113 1292 1190 phie-¹

158 1193 243 1254 uice.
290 1190 363 1253 Cum
376 1188 463 1275 hujus
490 1189 558 1252 vitei
571 1191 671 1270 magni
690 1189 840 1278 onnificri
852 1192 1062 1278 convetstonem,
1084 1210 1157 1270 roto,
1166 1197 1293 1284 fidesss

158 1275 244 1340 inter
255 1283 403 1342 cruores:
425 1275 491 1340 licit
499 1276 624 1359 plurimi
637 1300 733 1341 eorum
743 1299 878 1359 magnum
892 1299 999 1364 artuum
1010 1301 1064 1342 non
1079 1281 1290 1362 quingentis&

157 1362 369 1444 quadruginto,
380 1363 437 1449 sti
456 1362 597 1426 duodecim
620 1362 745 1427 millibus
769 1362 915 1444 nongentis
937 1365 1146 1448 quinquaginta
1167 1384 1290 1451 quatuor

156 1448 248 1510 annis
260 1448 385 1526 constare
397 1450 504 1512 dicunt.

204 1532 294 1597 Rudi
307 1551 413 1598 autem
423 1537 525 1599 adhuc
539 1534 742 1609 Astronomii,
764 1537 844 1598 varia
853 1535 936 1610 ¹fuere
945 1537 1038 1615 juxta
1054 1540 1150 1602 varios
1161 1539 1287 1624 scripto·

159 1640 208 1683 tes
223 1623 403 1705 magniauui
419 1622 520 1707 spatia,
540 1644 612 1705 quae
628 1625 694 1685 vide
708 1623 788 1704 apud
805 1619 945 1694 Riccioli,
971 1625 1133 1706 Almagcti.
1155 1632 1210 1691 Ill.
1235 1648 1287 1715 13.
1307 1649 1310 1656 ·

158 1711 258 1772 Tom.
273 1713 299 1772 1.
325 1731 393 1793 pag.
417 1729 490 1792 130.
511 1709 542 1772 ἃ
561 1709 642 1791 apud
657 1711 872 1786 Marlhamum,
895 1714 997 1774 Canon
1018 1705 1145 1796 AEgypt.
1172 1737 1239 1799 pag.
1254 1737 1288 1806 9.

155 1799 192 1859 In
214 1795 269 1858 hac
285 1799 397 1876 majore
422 1798 623 1860 Astronomiae
646 1797 712 1861 luce
736 1799 872 1860 nondum
897 1796 1084 1863 consentiunt
1101 1801 1284 1870 Astronomi.

156 1885 306 1966 Magnum
324 1887 404 1948 enim
418 1905 531 1948 annum
547 1887 672 1949 Riccioli
687 1885 793 1949 delinit
817 1887 900 1948 annis
916 1901 1032 1968 25920.
1056 1889 1168 1967 Tycho
1189 1893 1285 1958 Brahe

157 1973 246 2033 anuis
260 1992 279 2037 2
282 1969 378 2055 5816.
400 1973 508 2035 Caffini
521 1973 606 2036 anuis
621 1971 737 2052 24800.

199 2061 282 2122 Huic
308 2079 424 2142 magnae
451 2079 598 2123 annorum
627 2055 818 2132 conversioni,
866 2057 1082 2123 Platonicorum
1109 2067 1309 2130 commentis

153 2144 400 2222 celebratiffimae,
434 2145 544 2210 famam
571 2145 686 2210 addidit
710 2148 826 2231 inquies
853 2147 1023 2210 mortalium
1051 2148 1176 2225 animus,
1209 2153 1283 2218 dum

154 2229 570 2315 parestntandat'rempora,
595 2232 748 2318 praesentia
762 2231 883 2306 fastidit,
905 2233 1006 2296 futura
1027 2251 1111 2316 optat
1129 2235 1284 2322 speratque
1350 2285 1355 2300 .

154 2317 269 2402 semper
283 2321 418 2385 meliora.
459 2326 508 2386 De
523 2341 632 2404 magno
653 2341 732 2384 anno
754 2323 841 2404 pinta
866 2339 925 2382 non
951 2322 1127 2396 addiderim,
1150 2323 1286 2389 maximi

152 2403 223 2470 ciam
237 2409 317 2472 hanc
329 2410 482 2472 materiam
501 2407 620 2472 eruditi
637 2407 805 2472 trailavcrit
817 2406 866 2470 Cl.
888 2407 926 2469 de
940 2410 968 2469 la
983 2409 1101 2484 N'auze,
1124 2406 1283 2476 Mmoirer

153 2493 187 2557 de
199 2493 372 2559 I’Aeedimie
385 2493 493 2577 Royole
505 2497 553 2559 dos
564 2493 758 2582 inscriptions,
783 2499 878 2558 Tom.
895 2495 997 2558 tht.
1019 2515 1086 2580 pag.
1104 2493 1144 2563 82
1157 2495 1186 2557 δι
1197 2496 1284 2582 seqq.

152 2581 189 2643 Id
205 2601 300 2658 unum
312 2584 544 2659 memoraverim,
567 2583 649 2664 quod
666 2604 726 2644 non
740 2585 782 2643 ita
796 2595 997 2662 compertum.
1043 2585 1191 2669 Magnum
1202 2597 1280 2668 quo·¹

151 2689 214 2751 que
227 2687 339 2734 annum
365 2671 473 2735 habent
488 2668 632 2746 Sinenses,
654 2667 726 2731 ciam
746 2670 971 2751 conjunguntur
987 2669 1122 2750 planetae.
1167 2673 1281 2738 Recens

151 2757 322 2832 inventum,
345 2778 398 2821 nec
426 2755 601 2840 usurpatum
615 2770 683 2818 ante
708 2754 878 2837 Dynniliam
904 2757 1076 2838 Principum
1099 2755 1186 2833 Han,
1209 2780 1281 2844 quae

152 2845 299 2927 imperare
311 2846 406 2930 coepit
426 2865 506 2907 anno
519 2859 580 2926 205
599 2860 667 2906 ante
691 2840 790 2926 Jesnm
804 2840 967 2906 Christum.
1012 2846 1075 2906 Nec
1098 2844 1283 2913 constantem

151 2933 234 3013 apud
247 2952 298 2995 eoo
322 2933 379 2995 elli
392 2935 492 3015 magni
506 2933 585 2994 illius
609 2934 678 2992 anni
702 2931 900 3006 durationem,
927 2929 986 2993 hoc
1001 2927 1108 2993 saeculo
1121 2931 1280 2998 certiffimi

151 3033 340 3101 compertum
355 3020 524 3083 habuimus.
570 3023 695 3100 Nempe,
719 3015 765 3079 nti
780 3019 951 3101 accepimus
977 3039 1014 3080 ex
1031 3019 1122 3081 literis
1137 3020 1203 3084 Mil.
1220 3025 1278 3086 Pa-

149 3109 203 3170 tris
216 3109 331 3177 Gaubil
347 3111 415 3170 Soc.
431 3103 498 3186 Jeiu
510 3106 549 3168 ab
564 3105 639 3167 urbe
655 3104 777 3187 Peliog,
801 3106 849 3166 die
866 3122 906 3186 25
921 3105 1071 3180 Ostobris,
1093 3125 1243 3195 anno-172
1248 3128 1281 3194 5,

148 3196 188 3258 ad
204 3197 323 3257 Patrem
340 3191 602 3275 Soucictsctiptio,
625 3188 695 3254 cium
709 3195 839 3272 Jupiter,
863 3196 953 3268 Mars,
978 3195 1087 3268 Venus,
1111 3198 1279 3262 Mercurius
1369 3249 1374 3260 .

148 3282 251 3345 menie
275 3281 396 3356 Martio,
432 3300 509 3344 anno
540 3299 634 3366 1725,
666 3281 887 3362 proximassent,
920 3277 1050 3342 stnenses
1075 3283 1277 3349 mathematici

148 3369 248 3434 statim
259 3369 435 3432 confinxere
445 3368 606 3452 quamdam
621 3368 742 3430 Saturni
768 3367 1091 3448 appropinquationem,
1114 3390 1281 3455 eorumque

145 3478 218 3520 cnm
238 3458 309 3520 Sole
326 3448 475 3539 Lunique
498 3455 746 3536 conjuniiione'm.
789 3451 871 3515 Mox
891 3456 1065 3536 Imperatori
1087 3455 1278 3541 Yong-tching

144 3545 267 3609 libellus
293 3544 441 3620 obtulere,
464 3542 495 3604 it
525 3545 601 3604 hanc
624 3541 847 3602 renovationem
877 3539 1052 3603 saeculorum
1082 3545 1108 3603 ei
1133 3547 1275 3626 gratulati

144 3630 225 3695 sunt.
270 3635 339 3695 Hac
353 3633 392 3694 de
406 3654 438 3694 re
452 3631 587 3713 publicas
603 3647 725 3712 quoque
739 3645 911 3710 magnatum
935 3627 1148 3711 gratulationes
1159 3636 1278 3717 excepit

143 3711 323 3802 Impcroior.
369 3718 434 3800 Ipse
447 3719 527 3778 illam
543 3714 783 3796 conjunilionem
798 3713 857 3776 suis
872 3715 901 3776 in
916 3715 1021 3777 edidis
1035 3715 1184 3798 saepilltmi
1199 3723 1274 3803 pub·

142 3807 268 3880 licavit;
290 3805 322 3868 ic
337 3804 464 3870 tribunal
477 3803 721 3867 Mathematicum
736 3804 766 3863 in
782 3801 1000 3865 memorialibus
1014 3799 1071 3864 iuis
1088 3805 1274 3874 historiarum

141 3896 230 3958 libris
243 3891 376 3976 scripiit:
394 3895 510 3954 “Anno
522 3891 609 3954 tertio
620 3889 809 3971 Imperatoris
821 3887 1021 3970 Yong-tching,
1036 3889 1162 3955 secundi
1173 3893 1273 3972 Lunai,

142 3982 251 4044 “fnit
272 3979 382 4062 septem
409 3975 822 4061 planetarunrconjnnittm.
866 3978 952 4040 Putes
977 3977 1096 4060 Kegler,
1121 3982 1274 4046 Societatis

142 4068 212 4149 Jesu
224 4067 464 4143 Mathematicus,
489 4086 546 4148 pro
558 4065 634 4126 virili
650 4077 734 4145 parte
747 4065 854 4126 enixus
869 4061 920 4136 est,
945 4078 978 4124 ut
993 4065 1022 4123 id
1038 4069 1274 4134 commentitium

141 4153 290 4221 &salium
310 4154 368 4218 eile
383 4153 557 4238 Imperatori
573 4148 769 4233 persuaderet.
814 4151 973 4212 Praevaluit
989 4149 1117 4212 Sinensts
1131 4152 1273 4220 adulatio.

142 4247 217 4316 Inde
241 4240 429 4318 manifestum
458 4241 512 4320 eil,
548 4238 639 4328 quam
668 4233 814 4307 ieoillimi
837 4233 979 4306 aduersis
1000 4232 1095 4301 suros
1117 4241 1275 4390 {chronica

1054 4369 1056 4376 ·
1155 4345 1276 4414 rapturae
