3250 5259
352 484 423 559 nn
449 459 591 557 uuuts
616 486 786 561 nomen
814 430 1063 569 nomento.
1102 558 1106 563 .
1136 445 1138 452 ’
1207 494 1215 524 ·

139 670 173 733 Id
205 665 249 731 est
263 664 354 753 finem
372 664 495 749 pomerii
516 660 759 730 terminaverunt.
801 670 958 748 Gruterus,
974 675 1111 737 CXCVI.
1135 685 1218 739 nunt:
1235 696 1266 743 2.

140 760 232 821 Porro
252 752 336 817 inille
350 755 384 815 in
413 752 505 815 Urbis
534 750 652 813 ambitu
678 770 773 833 partes
802 760 979 822 caerimoniis
994 763 1116 841 pomerii
1147 763 1267 827 minime

141 841 332 913 consecratas,
356 855 436 923 patet
452 860 490 901 ex
507 852 609 899 monte
632 841 790 916 Aventin0,
812 864 903 925 quem
925 842 1035 922 omncs,
1051 849 1101 931 qui
1110 851 1266 932 pomerium

142 932 340 1015 protulerant,
364 924 551 1013 excluserunt,
575 924 655 1007 qucfi
681 925 786 989 auibus
813 930 944 1016 obscoenis
969 934 1138 1019 ominosum:
1171 938 1266 1001 donec

142 1018 301 1089 Claudius,
326 1012 498 1077 Britannici
511 1010 561 1071 sun
576 1012 698 1073 vidiorii
718 1014 832 1092 elatior,
856 1018 946 1101 quim
963 1038 996 1080 ut
1007 1021 1152 1085 ominosas
1165 1028 1267 1106 religi·

141 1129 207 1169 ones
232 1103 409 1173 attenderet,
443 1120 512 1162 eum
535 1100 653 1183 recepit,
678 1099 708 1161 δι
737 1102 819 1164 intra
837 1106 962 1187 pomerii
985 1108 1063 1191 fines
1092 1109 1264 1195 observavit.
1333 1122 1341 1140 .

142 1196 257 1257 Gellius
281 1192 339 1253 loc.
364 1191 415 1251 cit.

183 1274 336 1343 Memoria
355 1274 446 1338 exstat
458 1276 489 1335 in
505 1274 594 1335 veteri
612 1272 718 1355 lapide,
742 1275 779 1336 ad
795 1276 925 1340 cloacam
941 1282 972 1341 S.
989 1281 1103 1360 Incite,
1123 1299 1183 1354 non
1199 1305 1265 1367 pso.

142 1371 193 1437 cnl
206 1389 222 1432 a
236 1368 349 1451 Campo
365 1365 469 1439 utorae,
492 1361 572 1445 apud
588 1364 753 1425 Gruterum
769 1364 908 1428 CXCVI.
933 1384 1016 1432 num.
1032 1391 1063 1449 4.

481 1552 753 1601 omentorum

447 1694 449 1699 ¹
486 1642 595 1687 nnvst
633 1643 660 1683 s.
688 1644 836 1689 crtsrn

476 1728 570 1774 uve.
596 1726 837 1776 onumrurcvs

400 1840 404 1845 -
444 1814 555 1863 nouo.
580 1816 676 1858 mlx.
701 1814 806 1864 rnre.
835 1817 909 1860 ror

408 1910 417 1925 ’
459 1880 913 1954 ir'l'ilt‘.1Mt>·fficos.ffit

529 1988 675 2037 censor,
702 1994 778 2038 m

440 2079 582 2126 rucrrs.
607 2076 755 2123 rorum.
779 2080 932 2125 nomrut

487 2166 643 2213 sturnus.
667 2166 867 2212 nomnntvm

448 2236 690 2299 nurntneltr.
716 2242 997 2315 renutundtro„

533 2340 559 2386 v
862 2341 889 2387 v

126 2496 254 2563 similis
282 2497 406 2563 omnino
418 2494 493 2579 lapis
509 2494 604 2560 exstat
618 2501 726 2561 Romae
752 2497 783 2559 ln
807 2498 912 2563 Museo
927 2496 1126 2562 Kirchetiono
1140 2500 1265 2585 Collegii

140 2585 282 2659 Romani,
320 2600 454 2667 repertus
480 2604 560 2647 anuo
590 2600 671 2669 1730
700 2584 737 2645 ad
763 2584 875 2646 radices
890 2588 1007 2649 Caelioli
1035 2590 1152 2661 montis,
1186 2612 1267 2655 nunc

123 2676 229 2735 'monte
253 2672 362 2748 Ceiitlo,
381 2674 470 2753 juxta
485 2672 577 2735 Urbis
589 2673 708 2744 moenia,
733 2670 808 2732 duos
822 2674 938 2736 circiter
954 2674 1041 2757 pedes
1055 2695 1124 2737 cum
1141 2676 1267 2741 dimidio

137 2757 239 2824 subter
257 2775 377 2823 terram.
418 2762 452 2821 In
466 2762 557 2821 latere
581 2760 738 2823 Tiburtini
754 2760 845 2837 hujus
859 2761 966 2844 lapidis
978 2759 1107 2843 inscripti
1129 2760 1195 2829 sunt
1207 2788 1266 2828 nu·

137 2850 212 2911 meri
227 2850 297 2909 XV.
323 2848 376 2931 qui
391 2847 519 2909 indicare
532 2846 670 2909 videntur
689 2846 819 2929 lapidem
832 2847 914 2911 hune
929 2846 1013 2911 fuisse
1024 2852 1193 2927 terminum,
1217 2852 1268 2915 seu

136 2935 274 3018 cippum,
297 2934 444 2999 decimum
471 2925 620 3017 quintuni,
644 2948 677 2995 ut
691 2933 888 2999 Gruterianus
904 2935 978 3021 lapis
993 2934 1052 2997 suit
1068 2940 1192 3020 quintus
1209 2954 1266 3003 ter·

133 3044 248 3090 nunno.
1259 3042 1262 3046 ’

174 3114 226 3173 De
241 3105 364 3171 AEoltct
379 3110 461 3170 literis
473 3112 495 3171 el
507 3110 570 3171 dixi
586 3106 672 3191 supri
687 3108 723 3170 ad
740 3106 845 3168 Annal.
869 3112 925 3182 Xl,
951 3129 1003 3188 14.
1158 3181 1161 3193 Ι

173 3198 246 3261 Post
275 3196 448 3271 Claudium,
476 3196 578 3270 Nero,
613 3194 682 3259 etim
709 3198 839 3257 Pontum
868 3196 1151 3262 Polemoniacum&
1175 3198 1266 3284 Alpes

134 3286 255 3349 Cottius
270 3282 397 3365 imperio
408 3284 566 3347 addidisset
577 3307 588 3357 ς,
616 3286 777 3363 Trajnnus,
803 3296 849 3343 tot
861 3285 1000 3364 gentibus
1027 3288 1177 3351 Rornanae
1192 3291 1266 3352 diti·

134 3376 185 3435 oni
197 3370 337 3449 subditis,
362 3375 527 3453 pomerium
549 3372 705 3453 protulere,
728 3386 760 3431 ut
775 3369 882 3439 audior
896 3371 937 3432 est
963 3370 1107 3452 Vopiscus
1123 3377 1153 3438 in
1172 3384 1265 3439 Aure·

134 3460 318 3523 liano‘XXI.
343 3462 449 3535 Imm0,
473 3462 544 3523 teste
572 3462 604 3521 Ρ.
628 3459 778 3529 ,Οείεοῑῑῂ
804 3454 858 3517 Fr.
876 3456 1022 3520 Ficoronii
1046 3457 1172 3524 Gemmae
1182 3464 1264 3526 antia

133 3546 352 3629 quartorum,
373 3567 440 3629 pag.
458 3562 524 3629 ¹²7·
547 3566 623 3607 anno
644 3564 735 3630 1735,
759 3547 864 3605 Romae
877 3544 966 3621 juxta
982 3548 1167 3610 Coenobium
1193 3549 1263 3612 Μο.

133 3634 305 3699 nachorum
330 3633 429 3695 Sunsli
446 3634 587 3717 Stephani
602 3630 686 3714 supra
702 3635 817 3694 Cacum
833 3634 862 3692 in
877 3629 1081 3695 fundamentis
1109 3638 1266 3699 condusli.

136 3723 252 3785 tiarum
267 3721 428 3783 domorum
443 3724 560 3784 inventa
576 3718 725 3801 inscriptio
740 3722 771 3780 T
774 3719 877 3797 rajani,
900 3740 970 3800 quae
986 3719 1081 3782 Urbis
1101 3726 1265 3803 pomerium

130 3810 169 3873 ab
184 3829 239 3898 eo¹
257 3812 438 3891 Imperatore
453 3808 575 3870 anetum
596 3808 679 3879 inille
706 3805 897 3888 fignificabat.
942 3808 1163 3890 Inscriptionem
1189 3812 1267 3895 hang

133 3901 251 3961 Romae
266 3894 400 3977 quaesrvi.
443 3896 501 3958 Sed
511 3898 590 3958 heu!
616 3896 746 3976 perierat,
771 3893 868 3973 lapide
884 3899 1078 3957 marmoratiis
1090 3898 1220 3959 vendito.

175 3982 365 4057 Hadrianus,
389 3982 564 4065 religionum
581 3979 723 4055 curiosus
749 3982 872 4061 pomerii
902 3981 1054 4053 terminos,
1085 3984 1266 4047 continuatis

131 4069 343 4155 proculdubio
359 4071 506 4146 aedificiis,
530 4087 563 4133 ut
578 4070 676 4133 videre
692 4066 731 4131 est
752 4066 832 4149 apud
844 4070 961 4129 Livium
974 4068 1001 4129 ἀ
1016 4070 1190 4149 Dionyfium
1207 4073 1264 4134 loc.

130 4163 190 4223 εῖτ.1
209 4174 371 4241 corruptos
387 4156 523 4221 restituit.
567 4160 638 4241 Qit
651 4157 688 4219 de
702 4176 733 4221 re
748 4154 902 4241 fingularis
913 4154 1004 4219 exstat
1019 4153 1170 4240 inscriptio
1183 4158 1265 4241 apud

131 4245 316 4313 Gruterum
328 4246 496 4310 CXCVIII.
521 4265 605 4309 oum.
627 4264 654 4309 1.

645 4418 672 4482 L
694 4432 713 4483 2
807 4399 809 4405 ’
1060 4433 1280 4509 cornutorum⁴
