3250 5259
246 521 405 644 norm
429 484 504 596 nn
529 519 626 597 nra.
648 460 721 594 nn
744 517 875 595 uror:
898 511 1139 593 aarum.

132 691 259 865 Zpugs,
276 727 332 802 pru
347 721 385 809 se
407 733 436 785 et
448 719 516 810 suis
537 732 635 786 uotum
651 718 768 807 salvem
794 716 891 782 iubens
917 713 1018 781 meriti
1040 711 1133 804 posuit
1160 716 1196 781 (θ’
1208 717 1260 782 de.

175 848 185 879 a
238 823 267 866 ⁶·
422 821 427 827 ’

172 976 260 1042 Gar.
282 978 340 1045 IX.
382 978 524 1057 Deorum.
566 977 718 1044 ATacito
737 973 891 1043 diffentire
902 976 1021 1041 ridetur
1033 973 1136 1060 Julius
1150 975 1261 1060 Caesar,

133 1061 207 1128 Bell.
237 1065 326 1147 Gall.
344 1069 414 1142 Vll,
435 1086 490 1132 ιι.
532 1064 664 1130 Deorum
689 1087 805 1130 nmero
825 1086 867 1126 eos
876 1063 949 1149 soles
967 1065 1084 1138 ducum,
1118 1085 1184 1148 quor
1197 1087 1262 1130 eer-
1517 1093 1520 1144 ,ζ

134 1163 218 1226 Μ,
242 1151 419 1236 (equorum-
435 1153 532 1240 opibus
559 1151 657 1236 aperti
674 1149 838 1233 juvantur,
862 1148 950 1213 Solem
978 1149 1014 1213 tr
1039 1149 1196 1213 Vulcanum
1225 1153 1263 1218 {sl
1395 1155 1396 1160 ’
1518 1147 1520 1204 l

134 1229 269 1300 Lunum:
289 1231 411 1324 relipuos
430 1262 465 1302 m
476 1238 567 1327 fhmi
580 1237 691 1321 quidem
717 1249 894 1321 acceperunt.
936 1233 1095 1322 Distingue
1118 1253 1263 1323 tempora,
1519 1234 1521 1282 l

132 1317 518 1390 &summaeritCaesarem
541 1327 665 1390 interae
689 1324 831 1388 Tacitum
845 1317 1007 1388 cousensro.
1052 1320 1174 1387 Caelaris
1188 1341 1265 1390 aeta·

115 1426 120 1440 ¹
135 1421 166 1470 te
180 1405 258 1490 suos,
279 1409 309 1474 ἃ
323 1411 459 1479 barbaris
473 1415 535 1477 fere
543 1413 686 1488 omnibns
698 1407 869 1484 familiares,
889 1410 961 1474 deos
975 1411 1107 1474 habuere
1120 1414 1265 1480 Germani

135 1494 245 1574 Solem,
267 1499 390 1564 Lunam
410 1498 441 1562 ἃ
455 1501 634 1576 Vulcanum,
654 1498 686 1562 id
709 1495 752 1561 est
766 1500 877 1582 ignem,
900 1517 992 1581 quem
1008 1496 1068 1562 five
1088 1499 1266 1565 esrliceeli·

134 1601 245 1662 cerem,
277 1581 337 1652 lire
361 1586 538 1652 relociffimo
563 1586 693 1650 duorum
716 1585 868 1669 lignorum
891 1584 1022 1661 affriiiu,
1044 1599 1080 1648 ut
1104 1583 1268 1652 eamden-⁸

135 1667 214 1734 fibus
229 1673 364 1738 barbaris
376 1673 476 1740 adbuc
490 1695 555 1737 mos
566 1672 620 1752 est,
642 1674 813 1747 excitarent,
837 1669 895 1734 srre
908 1669 1018 1736 calidas
1029 1693 1129 1756 aquas,
1151 1695 1222 1759 quae
1234 1677 1266 1740 in

136 1759 256 1840 regione
269 1777 444 1836 occurrunt,
468 1761 643 1845 spectarent,
666 1760 724 1822 scre
744 1760 963 1823 intertonitrua
985 1757 1156 1824 stridentem
1179 1763 1266 1826 audi·

137 1859 212 1921 rent,
235 1848 380 1914 admirari
406 1851 513 1932 pariter
542 1868 578 1911 ac
603 1846 735 1911 venerari
759 1866 890 1930 coepere.
937 1849 1041 1911 Postea
1062 1849 1220 1920 Gallorum
1234 1849 1266 1914 δι

136 1933 340 2000 Romanorum
370 1936 522 2020 mesecin,
549 1937 744 2011 Mercurium,
766 1932 937 2010 Herculem,
961 1937 1091 1998 Martem
1114 1955 1263 2020 accepere.
1287 1993 1296 2010 .

138 2021 251 2084 Eorum
274 2024 375 2087 cultus
409 2039 499 2088 aetare
515 2023 625 2086 -Taciti
650 2021 780 2105 rigebat.
826 2017 905 2084 cim
927 2042 981 2104 per
1004 2025 1196 2087 Germaniam
1210 2026 1267 2090 iter

136 2103 260 2194 iacerem
273 2110 403 2192 plurima
416 2112 550 2195 Neptuni
564 2125 757 2173 monumenta
774 2107 870 2190 reperi
883 2129 891 2172 :
904 2110 970 2172 alia
986 2111 1114 2174 aliorum
1136 2110 1266 2178 deorum

136 2212 308 2261 occurrunt.
353 2199 481 2272 Scilicet,
502 2197 672 2262 labentibus
692 2197 786 2273 annis,
806 2195 984 2279 Neptunus,
1007 2211 1168 2282 ceteraque
1192 2200 1266 2266 deo·
1350 2237 1351 2241 =

136 2299 198 2342 nrm
213 2299 344 2364 cacerra,
367 2286 398 2350 in
412 2285 605 2350 Germaniam
615 2283 734 2348 venire.
1187 2293 1190 2302 ’

173 2363 374 2435 Mercurium.
416 2375 530 2436 Eadem
546 2369 613 2436 iane
626 2369 686 2436 fuit
704 2368 787 2452 apud
810 2371 987 2447 Germanos,
1009 2389 1079 2452 quae
1092 2372 1172 2453 apud
1187 2373 1267 2438 Gal-¹

135 2453 189 2532 los,
212 2453 362 2521 Mercurii
385 2461 486 2524 cultris
510 2457 604 2522 causa.
650 2461 699 2523 De
716 2456 813 2520 Gallis
835 2457 933 2538 Julius
959 2455 1062 2520 Caesar.
1091 2459 1167 2524 Bell.
1182 2460 1264 2524 Gall.

139 2542 190 2617 Vi,
217 2563 268 2630 17.
312 2543 413 2610 Deum
438 2544 572 2626 maximi,
585 2543 773 2610 Mermrium
798 2541 914 2618 roluut3
937 2539 1023 2626 hujus
1039 2542 1113 2629 stent
1133 2546 1265 2632 plurima

126 2626 307 2711 simulacra:
329 2624 405 2695 hunc
428 2630 550 2696 ommium
565 2631 740 2696 inuentorem
763 2627 875 2692 artium
890 2630 1020 2716 serum
1043 2629 1119 2694 hunc
1145 2633 1266 2700 viarum

138 2727 219 2797 utque
231 2715 373 2780 itinerum
385 2719 505 2794 ducem3
528 2717 604 2781 bunc
622 2719 663 2781 ud
676 2716 796 2802 quastus
806 2715 937 2800 pecunia
963 2719 1195 2808 mercaturasque
1208 2719 1265 2784 hu-

139 2801 200 2862 b'ere
227 2803 294 2865 vim
321 2803 478 2868 maximum
515 2803 714 2867 arbitrantur.
772 2799 848 2865 Inde
888 2798 958 2866 crim
988 2803 1059 2868 olim
1087 2807 1120 2870 in
1145 2809 1266 2870 civitate

138 2887 280 2968 Aquenfi,
312 2908 394 2954 nnnc
416 2889 530 2976 Budem,
562 2891 783 2953 celebrarentur
803 2891 991 2966 commercia,
1025 2907 1116 2974 atque
1140 2892 1195 2958 hic
1209 2895 1266 2958 iter

134 2971 199 3052 cilet
212 2977 245 3040 in
260 2975 425 3054 Heluetios,
449 2979 600 3059 praecipua
624 2977 667 3044 ibi
688 2974 747 3038 fuit
771 2977 915 3053 Mercurii
939 2982 1092 3041 veneratio
1117 2977 1147 3043 in
1162 2997 1265 3045 monte

135 3059 261 3148 lucoque
278 3084 371 3146 prope
387 3063 500 3128 Baden.
543 3067 647 3148 Qrem
667 3061 767 3126 locum
783 3059 858 3126 crim
880 3061 1012 3140 adiffem,
1035 3081 1069 3127 ur
1089 3066 1131 3129 ibi
1145 3071 1277 3132 Mercu·

135 3150 167 3210 rii
188 3170 422 3223 monumentum
440 3152 625 3234 inspicerem,
646 3151 738 3234 reperi
760 3165 889 3213 veterem
913 3150 1053 3230 lapidem,
1075 3173 1164 3236 quem
1187 3156 1266 3219 voti·

137 3237 305 3302 rumfuiffe
319 3255 405 3320 puto,
426 3239 476 3302 cni
491 3239 574 3302 endis
588 3236 688 3320 imago
710 3237 855 3300 Mercurii
878 3234 1042 3322 iniculpra;
1065 3239 1275 3327 undequaque,

139 3323 290 3412 longique
305 3325 422 3406 disjecti
436 3329 570 3412 ingentes
585 3324 844 3408 lapidesjacebant
856 3342 865 3385 ι
875 3342 938 3386 aras
951 3323 1046 3400 fuisse,
1061 3324 1264 3410 &antiquillu-

136 3429 190 3474 mae
200 3414 367 3500 religionis,
382 3410 453 3478 crim
463 3416 604 3488 humanae
614 3409 716 3474 hostiae
729 3412 894 3485 litarentur,
910 3429 1112 3488 monumenta,
1125 3417 1264 3484 arbitror.

137 3499 207 3572 Hac
221 3499 298 3564 ciam
313 3519 475 3576 cernerem,
497 3503 627 3564 animum
639 3495 758 3563 subibat
772 3501 914 3559 Lucanus
926 3501 981 3574 111,
1007 3517 1080 3584 399·
1097 3504 1126 3574 ἃ
1145 3501 1264 3589 12444·

179 3585 310 3674 Comeffls
333 3585 519 3654 animalibus.
562 3586 684 3651 Herculi
704 3581 978 3667 quoque&Marti
1002 3586 1141 3652 humanis
1164 3591 1265 3657 hostiis

136 3671 250 3738 litatum
264 3673 353 3739 fuille
361 3673 549 3738 crediderim.
594 3676 643 3736 De
667 3674 766 3735 Marte
789 3669 914 3745 constat,
946 3669 1046 3735 saltem
1071 3677 1266 3762 flagrantibus

138 3757 230 3826 bellis.
273 3763 325 3826 Sic
338 3767 417 3823 enim
431 3762 542 3825 Annal.
566 3756 656 3834 Xlli,
678 3778 731 3842 57.
772 3756 897 3821 Virrores
910 3757 1053 3839 diversam
1067 3759 1156 3825 aciem
1169 3761 1267 3829 Mar·
1306 3797 1310 3804 =
1338 3809 1339 3816 .

137 3844 162 3906 u·
168 3868 202 3909 ue
214 3841 374 3911 Mercurio
376 3845 549 3936 speravere,
571 3868 625 3930 qus
637 3857 701 3908 voto
719 3841 797 3928 equi,
820 3839 895 3919 oiri,
919 3849 1021 3906 cuneta
1032 3846 1113 3910 vitia
1133 3847 1268 3912 occidioni

138 3932 254 3998 duntur·
301 3935 464 4018 Procopius
488 3953 628 4019 quoque,
650 3932 726 3995 Bell.
746 3927 844 3994 Gorh.
873 3931 943 3994 libr.
960 3933 1001 4006 ΙΙ,
1026 3933 1158 3996 homines
1174 3936 1267 4000 Marti

136 4021 283 4083 mactatos
298 4037 450 4086 memorat.
492 4025 535 4085 At
548 4035 583 4083 ut
597 4019 740 4084 Germani
754 4016 892 4099 Scythici
905 4015 971 4082 sunt
986 4020 1108 4101 origine,
1132 4022 1266 4105 itaquo.

136 4125 194 4187 que
218 4106 352 4171 multum
373 4109 522 4192 Scythice
543 4107 697 4194 religionis
719 4105 877 4172 retinuere.
922 4107 995 4167 Haec
1009 4105 1111 4188 igitur,
1135 4105 1268 4186 filuber,

111 4202 112 4209 ’
137 4195 237 4260 confer
260 4213 336 4259 cum
361 4196 398 4260 iis
426 4216 496 4280 qnae
510 4196 549 4263 de
577 4194 695 4277 Scythis
717 4192 809 4256 habet
826 4191 997 4254 Herodotus
1013 4195 1067 4268 lv,
1084 4205 1126 4277 59
1140 4192 1170 4256 δι
1185 4193 1267 4282 seqq.

137 4281 421 4369 prpuoicaur.
1251 4337 1254 4346 .

113 4396 114 4403 ,
1200 4369 1270 4454 pstp,
