3250 5259
617 461 785 552 cares
806 434 870 532 1'c
889 471 945 546 m.
1244 466 1285 551 65

144 625 254 719 Quod
272 634 292 702 st
309 635 408 722 plures
419 637 535 702 codices
545 635 600 720 ipsi
619 639 688 704 licet
709 636 872 718 consulere,
894 656 967 704 tnnc
980 635 1075 722 ipsum
1092 649 1210 722 oportet
1235 657 1280 704 ex

147 724 281 790 diverfis
306 726 483 790 lessionibus
505 745 554 789 eae
568 726 687 810 seligere
702 749 777 812 quas
797 743 885 810 putat
910 729 968 791 esse
990 730 1126 808 optimas,
1149 728 1180 786 &
1203 727 1281 808 inter

146 815 304 876 variantes
323 816 441 894 rejicere
455 834 504 876 eas
514 834 617 876 omnes
632 837 707 899 quas
718 813 833 879 deserit.
879 818 954 877 Haec
966 828 1083 896 egomet
1094 810 1134 873 ita
1148 810 1281 892 persuasa

148 898 267 974 haben,
292 917 337 982 ut,
360 900 380 963 sr
404 921 481 982 opus
492 902 614 982 aliquod
630 900 774 964 hasiensis
789 901 935 964 ineditum
945 902 1084 984 evulgare
1097 897 1281 980 susciperem,

150 985 186 1047 id
207 987 268 1058 mei
282 987 422 1064 ducerem
437 985 492 1050 else
506 987 612 1063 officii„
628 989 857 1058 evidentiffimas
872 985 1125 1072 lice'treperislem
1140 985 1279 1060 emenda·

149 1075 266 1150 tiones,
290 1074 365 1136 illud
389 1075 476 1138 edere
489 1076 629 1138 omnibus
650 1075 680 1137 δι
694 1075 850 1160 linguat&
877 1066 975 1138 sennis
998 1075 1112 1136 mendis
1133 1072 1280 1136 foedatum

147 1181 228 1243 quae
239 1164 271 1224 in
285 1161 388 1224 codice
403 1161 782 1246 manuscriptoapparerent
794 1165 847 1244 (ι).
857 1165 920 1228 Sed
934 1159 1031 1225 statim
1041 1177 1129 1242 atque
1140 1160 1282 1224 dedissem

149 1268 283 1330 operam
297 1251 341 1310 ut.
356 1246 516 1311 servaretur
530 1249 625 1314 codex
647 1250 677 1312 δι
703 1253 778 1333 typis
800 1251 956 1331 multiplex
980 1250 1081 1323 fieret,‘
1103 1263 1173 1310 tune
1200 1247 1280 1310 arbi·

151 1349 253 1398 trarer
268 1356 316 1399 me
331 1333 409 1418 posse
424 1338 557 1418 projure
571 1358 638 1416 meo
648 1339 727 1400 idem
744 1357 820 1419 opus
834 1339 989 1420 publicum
1010 1335 1107 1399 facere
1128 1335 1166 1398 ab
1179 1336 1281 1398 omni·

149 1421 227 1497 bus,
251 1425 313 1506 quai
338 1421 383 1485 sas
407 1423 459 1499 esi,
476 1409 702 1487 'amanuenfium
716 1427 820 1486 erratis
841 1440 1054 1507 expurgatum.
1103 1423 1280 1503 Optandum

146 1510 226 1572 esset
241 1528 275 1572 ut
291 1511 393 1592 primis
403 1511 585 1592 temporibus
598 1515 628 1593 in
643 1510 760 1576 diversis
772 1512 844 1574 locis
857 1510 1031 1574 exstitissent
1044 1509 1141 1592 plures
1152 1510 1280 1572 editores

150 1617 218 1685 non
233 1597 332 1686 minsis
346 1604 474 1686 accurati
489 1597 519 1659 &
529 1600 651 1683 religiosi
664 1598 755 1682 quim
770 1599 840 1661 Aldi
854 1599 987 1673 suerunt,
1010 1598 1109 1680 plures
1130 1616 1210 1658 nunc
1224 1598 1279 1680 ha·

150 1685 298 1748 beremus
324 1683 467 1748 editiones
478 1687 603 1768 ‘quibus
620 1684 673 1769 ipst
687 1686 771 1748 nobis
796 1687 919 1749 codices·
932 1682 1119 1764 manuscripti
1147 1685 1281 1746 exbibe-

151 1785 273 1834 rentur.
317 1767 475 1860 Qidqiid
492 1773 538 1848 stt,
554 1771 612 1855 ipse
624 1775 734 1856 primus
748 1771 922 1856 gratulabor
936 1773 1000 1834 viro
1009 1771 1049 1832 illi
1065 1771 1192 1845 erudito,
1214 1773 1280 1856 qui,
1385 1837 1388 1848 ,

151 1879 255 1941 quum
269 1855 330 1940 ipse
343 1855 426 1922 co'rdi
442 1860 545 1922 habeat
560 1877 595 1922 ut
618 1862 716 1944 plures
737 1861 960 1923 srnteditiones
980 1873 1136 1933 accuratae,
1158 1871 1209 1920 ant
1228 1879 1283 1925 ¹caut
1362 1857 1365 1862 ’

151 1948 299 2030 evulgare
312 1967 382 2028 quae
398 1945 454 2008 stnt
468 1949 674 2020 accuratiores·
695 1967 734 2010 ex
757 1950 884 2031 integro·
895 1945 1026 2010 consulet
1039 1945 1156 2008 codices
1174 1965 1282 2009 mann·
1297 1967 1301 1973 ’

150 2031 290 2116 scriptos,
312 2033 347 2095 &¹
361 2032 413 2096 sui
426 2033 580 2118 diligantid
594 2051 698 2118 arguet
709 2037 840 2117 priorum
850 2036 1130 2116 editorumope'tam
1143 2051 1204 2096 non
1215 2029 1284 2098 satis
1301 2069 1305 2076 ·

152 2121 344 2204 diligentem.
389 2119 447 2183 Sed
468 2119 528 2202 ipse
553 2121 786 2205 quoque-adeo
800 2142 863 2186 non
877 2125 956 2186 rixas
976 2141 1093 2183 morere
1114 2113 1215 2194 debet,
1244 2138 1281 2185 ut

150 2210 251 2272 etiam
265 2209 372 2270 debeat
385 2209 499 2270 animos
512 2207 621 2271 addere
643 2208 755 2272 fincero
778 2226 912 2272 veterum
935 2210 1070 2280 amatori,
1093 2209 1158 2290 qui,
1183 2229 1280 2292 quum
1346 2207 1350 2214 ’

151 2291 314 2380 aegerrime
328 2291 404 2356 serat
425 2294 545 2356 illorum
570 2296 685 2375 aliquos
707 2295 875 2377 omnigenis
898 2297 1013 2356 mendis
1028 2294 1201 2376 deturpatus
1220 2296 1277 2358 effe

151 2385 185 2446 8c
197 2379 390 2456 deformatos,
412 2381 493 2442 omni
507 2401 564 2464 ope
578 2383 730 2453 contendit
745 2397 779 2457 ut
793 2375 879 2444 suum
905 2381 973 2462 ipss
994 2382 1122 2442 nitorem
1137 2379 1280 2460 restituat,
1314 2405 1317 2410 ·

150 2466 305 2554 quantdm
319 2467 398 2543 licet,
421 2469 565 2530 &textus
579 2470 700 2531 mutilos
717 2469 841 2544 reliciat,
864 2466 905 2531 itai
925 2484 1032 2542 tamen,
1057 2464 1165 2529 iterum
1188 2478 1284 2552 atque

150 2554 269 2621 iterum
278 2555 386 2629 dicam,
397 2573 431 2616 ut
444 2553 500 2617 srbi
511 2555 630 2619 debitos
643 2556 718 2618 fines
734 2575 889 2640 nunquam
904 2555 1122 2624 transiliendos‚
1133 2555 1281 2620 &veteres

148 2645 297 2710 lesiiones
310 2644 352 2708 ob
362 2643 524 2728 legentium
535 2643 640 2705 oculos
656 2641 767 2726 semper
780 2643 972 2728 reponendae,
995 2644 1166 2706 arbitretur.
1233 2707 1239 2718 ,
1294 2709 1300 2716 ,

243 2802 295 2862 Ex
311 2765 442 2862 editione
456 2797 553 2897 Lysiae
567 2769 606 2861 ab
619 2801 722 2882 Auget
732 2797 763 2860 in
773 2801 847 2882 dvo.
863 2796 943 2860 Anu·
964 2817 999 2879 17
1027 2819 1055 2885 3.

195 2973 244 3038 (a)
255 2971 309 3025 Hic
319 2969 382 3024 mihi
396 2968 492 3041 aliquis
504 2939 612 3038 objiciat
621 2948 760 3024 editionem
770 2965 897 3038 ejusmodi
908 2970 1024 3022 suturam
1035 2969 1083 3022 esse
1094 2969 1188 3024 utilem
1196 2967 1282 3025 dadis

158 3041 299 3112 aliquibus
311 3041 375 3096 viris
390 3043 436 3110 qui
448 3039 563 3096 tex‘tibus
574 3041 739 3098 emendandis
751 3040 917 3103 incumbunt,
934 3040 974 3092 sed
988 3056 1078 3113 quum·
1088 3059 1117 3092 ea
1130 3059 1180 3094 non
1201 3040 1277 3110 poffit

156 3109 1280 3242 ‘’ffllzs‘„lllpltsllltlffi“sistulutlnzss‘illilfflffle‘lltl’

152 3200 532 3306 tdindiculaudandurnresse81
550 3250 665 3302 maximo
683 3200 784 3320 plausu]
795 3247 976 3316 excipiendum
1000 3249 1094 3303 sortem
1112 3217 1281 3321 gnavumque:

177 3322 325 3374 rivatorum
337 3321 500 3389 quorundam
512 3320 640 3384 animum,
658 3321 703 3388 qui
716 3336 765 3388 pro
778 3315 963 3370 humaniorum
975 3319 1120 3373 litterarum
1131 3320 1278 3372 commodis

152 3341 204 3444 sua
217 3391 261 3460 ipsr
277 3395 343 3444 bona
355 3388 511 3458 profundere
532 3407 584 3442 non
609 3391 728 3442 dubitant
734 3412 741 3448 ς
764 3385 805 3438 sed
820 3387 869 3440 hnc
885 3388 1201 3456 opus²sore'subeundum
1213 3389 1280 3441 civi·

153 3461 260 3513 tatibus
271 3459 477 3530 &primipilatum
493 3457 641 3526 &ipsorum
653 3457 773 3527 impensis
794 3455 966 3526 suscipiendas
977 3459 1038 3511 sore
1058 3461 1184 3514 editiones
1201 3457 1279 3537 qual·

154 3533 287 3584 damnon
305 3531 405 3588 minore
425 3527 689 3596 emolumentoquam
706 3527 792 3587 sumtu
805 3527 975 3583 excudendas.
1012 3527 1279 3582 Gratulatisuotvtri
1357 3532 1363 3548 '

154 3597 258 3653 eruditi
270 3599 409 3652 clarissimo
421 3600 452 3658 de
466 3596 604 3659 Villoisop,
622 3596 700 3666 regiae
712 3595 914 3664 inscriptionum
932 3601 956 3650 a
968 3599 1160 3651 Humaniorum
1177 3594 1280 3650 ‘Litter-

155 3687 237 3722 arum
251 3669 402 3722 Academiae
415 3667 492 3728 socio,
511 3665 537 3718 in
561 3667 691 3736 regionem
706 3666 867 3735 peregrinam
882 3667 1051 3736 proficiscenti
1068 3683 1098 3720 ut
1117 3668 1176 3721 illic
1199 3686 1279 3737 opera
1345 3719 1351 3734 ,
1385 3684 1389 3688 ·

154 3744 248 3810 ςτὰει
262 3741 352 3791 ederet
364 3735 617 3798 basianus-ineditae
633 3733 777 3788 occidunt
788 3733 878 3788 utrium
903 3738 985 3805 magis
1009 3739 1131 3791 admirari
1148 3756 1279 3806 oporteat,

156 3824 207 3862 aut
220 3810 339 3861 ardorem
353 3807 482 3875 inclytum
495 3804 660 3858 adolescentis
673 3805 823 3870 academici,
839 3807 885 3874 qni
907 3807 960 3858 luae
982 3805 1005 3858 se
1024 3805 1131 3860 samiliae
1153 3811 1178 3860 δι
1201 3826 1275 3860 novae
1331 3851 1337 3859 .

153 3876 258 3948 sponsae
269 3871 431 3948 amplexibus
445 3877 550 3945 eripuit,
568 3891 598 3928 ut
608 3875 699 3945 procul
712 3881 725 3926 a
738 3873 822 3944 patriis
835 3875 980 3944 incognitas
992 3895 1053 3944 opes
1070 3877 1215 3948 colligeret,
1235 3893 1282 3930 aut

154 3949 227 4000 utile
240 3948 329 4017 gallici
343 3945 445 4016 imperii
458 3945 581 4006 studium.
600 3945 668 4015 quod
682 3944 794 4013 coeptum
806 3943 873 3995 illud
883 3946 1079 4014 magnanimum
1100 3948 1187 4000 lovere
1208 3963 1277 4003 amat

156 4021 185 4070 a:
197 4019 277 4070 tueri.
312 4016 437 4070 Ceterum
449 4015 497 4068 boc
509 4015 579 4084 quod
589 4015 652 4068 mibi
663 4013 749 4083 reipsi
763 4012 893 4080 objesium
904 4017 949 4075 efl,
960 4016 1075 4068 declarat
1086 4025 1165 4086 quarn
1185 4017 1282 4070 necesse

155 4087 190 4144 stt
204 4087 297 4139 menda
308 4087 439 4156 corrigere
449 4101 509 4154 qur.
529 4087 595 4154 apud
608 4084 708 4140 codices
718 4083 905 4152 manuscriptos
914 4102 1066 4150 occurrunt,
1085 4103 1115 4140 ut
1130 4087 1211 4146 editio
1232 4088 1281 4141 ali.

154 4175 211 4226 qua
224 4155 301 4228 pellit
308 4155 421 4212 diffundi
434 4153 525 4221 larius,
538 4153 723 4228 ,tepidioribus
733 4171 793 4229 non
802 4156 891 4224 paucis
901 4156 1018 4228 probari.

756 4307 787 4415 ,ί
867 4313 903 4331 ”
1200 4337 1282 4412 na
