3250 5259
319 598 328 615 ⁶
373 458 378 467 ’
419 475 421 479 ’
458 502 530 583 nn
554 454 836 581 Mruu'rrnro
860 456 1082 583 aunum

160 667 281 773 quinia
295 680 575 763 incolarumerbis
601 699 679 766 pars,
715 690 746 771 ξ,
778 680 983 749 occubuissent
1012 664 1145 748 homines
1165 680 1296 762 circiter

160 772 328 859 236,000;
350 770 372 835 st
389 770 513 853 perierit,
536 767 581 833 uti
596 772 766 855 contingere
780 768 896 849 solitum
908 771 961 846 e-st,
976 774 1066 835 altera
1082 790 1149 853 pars
1162 770 1278 853 quinta,

151 872 181 948 ξ,
206 859 375 923 occubuere
394 859 525 921 homines
545 872 699 939 472,000.
747 858 872 923 intanta
885 860 979 943 strage
996 864 1054 921 non
1070 853 1212 921 mirumst
1222 872 1279 940 per

156 946 258 1009 multus
272 946 346 1017 dies.
372 944 442 1009 testa
464 942 601 1021 Eusebio,
625 945 656 1008 in
670 944 870 1030 ephemeridem
882 946 972 1010 decem
993 944 1085 1009 millia
1086 946 1185 1036 ferme
1201 966 1276 1012 mor·
1376 999 1382 1011 ,

151 1044 269 1096 tuorum
283 1030 426 1095 bominum
440 1032 531 1095 relata
541 1029 605 1097 sant.
694 1112 698 1123 ,

388 1228 513 1297 -Brotier
535 1228 583 1293 ad.
605 1247 672 1313 cap.
697 1226 793 1295 xtra.
813 1226 971 1332 libant.
993 1227 1095 1295 Tacit.
1117 1224 1230 1291 Annas.
1348 1261 1353 1267 ·
1485 1270 1489 1281 .

162 1484 1268 1524 .........................,........,.........-.-.--.

427 1667 500 1743 un
524 1645 798 1745 urnurnnr'o
826 1669 1009 1747 runnu.

153 1882 330 2031 Purtrus
355 1880 393 1943 C.
406 1878 582 1955 Gracchus,
603 1883 678 1944 circa
692 1900 804 1943 annum
820 1878 911 1941 Urbis
924 1879 1052 1944 conditae
1068 1895 1194 1970 pcxxv.
1216 1874 1280 1939 vias

236 1986 289 2049 per
302 1963 436 2031 milliaria
450 1964 607 2044 dimensus,
630 1968 782 2032 columnas
805 1967 945 2049 lapideas,
969 1968 1170 2030 distantiarum
1185 1961 1277 2046 figas,

151 2065 272 2141 locavit,
294 2049 396 2127 Κῖονας
421 2051 528 2129 λιθίνας
553 2056 661 2138 σημεῖα
688 2054 726 2121 τὲ
750 2053 835 2142 prs‘sps
865 2056 1036 2138 raris-nro,
1063 2064 1213 2146 Plutarch.
1246 2065 1279 2125 in

150 2153 284 2215 Graccn.
306 2169 375 2235 pag.
405 2147 479 2235 838.
522 2148 663 2215 Millirria
688 2152 737 2215 ilia
761 2148 933 2215 constabant
961 2153 1040 2214 mille
1069 2152 1202 2233 passibus,
1225 2148 1276 2214 seu

154 2240 296 2321 quinque
323 2237 454 2301 millibus
478 2238 587 2319 pedum
612 2244 825 2313 Rornanorum,
849 2237 993 2301 mensurae
1020 2238 1127 2301 uostrae
1151 2239 1307 2320 Gallieaex

155 2324 233 2409 756.
257 2323 343 2389 tries.
386 2324 417 2387 A
441 2329 583 2409 pomerio,
605 2327 729 2409 portisve
757 2327 851 2389 Urbis
873 2326 1114 2389 numerabantur.
1158 2326 1286 2389 Deinde-

150 2410 318 2498 Augussus',
341 2410 447 2491 optimi
476 2412 619 2495 cujusque
633 2412 757 2476 instituti
779 2412 933 2475 aemulator
946 2409 977 2473 δι
992 2409 1147 2494 perfesior‚
1170 2434 1277 2491 novam

151 2501 183 2563 in
212 2497 382 2565 reficiendis
407 2498 624 2584 dirigendisque
653 2503 707 2562 viis
735 2518 854 2582 operam
885 2492 990 2580 posuit,
1012 2496 1053 2572 br,
1074 2518 1152 2559 anno
1178 2498 1221 2561 U.
1237 2504 1275 2574 C.

152 2620 342 2677 mccxxxrv,
365 2600 532 2663 milliarium
548 2618 672 2661 aureum
687 2597 771 2672 fecit,
791 2584 824 2649 τό
851 2582 958 2673 χρυσὲν
989 2582 1084 2669 μίλιον
1112 2586 1278 2672 κεκλημέναι

149 2688 256 2773 sssrr,
282 2694 452 2771 Dioatv.
471 2716 540 2783 pag.
568 2696 641 2781 526.
687 2697 790 2758 Aureis
805 2694 898 2758 literis
911 2697 938 2758 ei
953 2693 1088 2780 inscripta
1106 2694 1190 2761 fuisse
1204 2720 1279 2782 prae·

145 2786 309 2871 cip'uarum
323 2782 442 2847 urbium
457 2784 608 2848 intervalla
622 2782 768 2848 existimat
787 2784 822 2846 P.
839 2780 1023 2862 Eschiuardi,
1047 2782 1124 2865 Agra
1138 2782 1277 2860 Romano,

144 2894 216 2957 cap.
244 2892 273 2951 3.
318 2868 376 2933 Atii
387 2889 512 2935 aureum
527 2886 622 2935 toturn
633 2869 718 2935 fuisse
732 2870 848 2933 volunt.
892 2871 972 2933 lslud
987 2873 1018 2932 in
1029 2874 1128 2953 eapite
1138 2874 1196 2933 sori
1212 2873 1278 2937 Ro·

148 2955 245 3033 mani,
268 2978 303 3021 ac
318 2956 442 3039 proinde
452 2956 483 3021 in
497 2958 688 3025 celeberrima
702 2958 792 3021 Urbis
807 2971 898 3039 parte,
922 2958 1019 3041 posuit
1044 2955 1207 3039 Augustus,
1231 2976 1277 3040 ut,

146 3046 310 3133 splendido
336 3040 522 3127 superboque
541 3042 671 3130 sspesiu,
694 3045 788 3109 Urbis
808 3044 935 3107 vissricis
955 3043 986 3106 br
1010 3042 1104 3107 Italiae
1133 3055 1278 3113 terrarum

144 3134 218 3200 orbi
232 3132 414 3197 dominantis
439 3133 583 3195 memoria
608 3130 722 3217 semper
734 3146 912 3194 occurreret.
964 3134 999 3193 In
1026 3132 1083 3193 hoc
1108 3131 1278 3197 milliarium

150 3222 217 3285 uias
232 3220 374 3283 militares
400 3218 496 3283 Italiae
509 3239 611 3309 ornnes
636 3218 746 3285 desrisse
773 3216 895 3281 testatur
917 3218 1102 3293 Plutarchus,
1125 3220 1155 3280 in
1169 3220 1278 3299 Galbai,

145 3340 221 3405 pag,
240 3315 334 3401 1064,
357 3302 509 3399 Ἐἓςίδιζεν
536 3304 573 3381 εἷς
599 3305 721 3397 clypeis,
747 3300 893 3393 ἷχρυσῖς
916 3303 1027 3374 εἶς-ἷκει
1047 3303 1124 3389 κίων,
1150 3305 1185 3379 εἷς
1202 3304 1231 3373 ἓν
1247 3308 1280 3375 oia

146 3405 332 3491 τετμημέναι
348 3402 405 3473 a‘soi
421 3401 515 3469 παῖσαι
534 3403 707 3473 τελευτῶσιν.
761 3416 854 3480 Unde
876 3405 967 3498 paret,
991 3438 1049 3479 non
1064 3418 1102 3479 ab
1116 3422 1167 3485 illo
1180 3421 1280 3486 milli.
1377 3484 1379 3488 ¹

146 3504 229 3581 ario,
254 3498 303 3565 sed
324 3502 363 3566 ab
379 3500 474 3565 Urbis
488 3502 631 3585 pomerio,
653 3496 701 3564 seu
716 3502 807 3564 veteri
822 3498 971 3584 portarum
991 3504 1049 3567 srtu
1063 3523 1130 3571 ante
1145 3510 1279 3589 produc·

150 3594 271 3655 tionem
284 3589 465 3653 maeniorum
478 3590 516 3652 ab
528 3588 688 3651 Aureliano
708 3588 829 3667 sasiam,
855 3590 994 3653 itinerum
1017 3591 1164 3660 mensuras
1187 3596 1281 3657 incoe.

139 3679 232 3765 pirre,
258 3693 293 3739 ut
307 3672 421 3758 optime
431 3674 555 3739 advertit
568 3677 702 3739 eruditus
714 3677 855 3750 Fabretti,
871 3676 904 3737 de
914 3672 1004 3758 Aquis
1016 3677 1052 3739 U*
1064 3676 1281 3763 Aquaedrreiibus

139 3763 261 3831 vereris
287 3759 400 3836 Romae,
433 3780 501 3847 pag.
530 3764 601 3847 136.
645 3762 728 3825 Idem
760 3762 894 3845 plurimis
922 3767 1131 3845 experimentis
1156 3766 1279 3838 constat.

139 3849 342 3917 Labentibus
371 3862 466 3917 tamen
494 3848 618 3923 saeculis,
639 3849 766 3931 quidam
794 3846 949 3929 scriptores
973 3852 1112 3914 irinerum
1132 3854 1282 3921 mensuras

139 3940 188 4003 ab
207 3955 301 3999 aureo
315 3934 454 3998 milliario
467 3936 620 4017 repetiere,
645 3933 688 3997 uti
711 3938 809 4001 videre
824 3934 866 3998 est
886 3937 976 4020 apud.
999 3938 1044 3999 Cl.
1069 3940 1107 4002 de
1121 3940 1149 4001 la
1163 3940 1196 4005 N
1200 3959 1282 4016 auze,

136 4018 315 4089 Mr‘moires
341 4022 375 4085 de
404 4021 576 4093 I'Acadr‘mr'r
604 4018 711 4103 Royase
731 4020 778 4085 des
801 4020 993 4109 Irfiriptiona
1019 4028 1113 4089 Tum.
1142 4046 1283 4101 rervm,

135 4131 224 4198 pag.
243 4103 308 4191 388
324 4106 354 4171 δι
368 4105 449 4191 seqq.
494 4109 562 4173 Alia
588 4106 630 4169 est
645 4107 789 4183 mensura,
814 4111 895 4191 apud
916 4106 1140 4187 Jurisconsultos
1165 4114 1285 4195 pervul-¹

136 4215 235 4287 gata,
260 4196 290 4257 81
306 4196 335 4258 in
354 4197 475 4281 judiciis
489 4192 637 4276 usurpate,
660 4217 729 4279 quae
744 4216 841 4279 neque
855 4195 893 4257 ab
909 4196 1002 4257 Urbis
1025 4201 1169 4277 pomerio,
1192 4218 1289 4283 neque

135 4309 157 4353 a
175 4282 330 4349 milliario
358 4300 449 4347 aureo
476 4281 598 4353 ,initium
625 4281 764 4363 ducebat,
787 4280 836 4347 sed
860 4301 879 4343 a
903 4284 1123 4349 contineutibus
1144 4286 1290 4366 aedisrciis‚
1314 4308 1318 4316 ’

137 4366 278 4455 Gallias
291 4367 467 4449 l’rrtrsprr'tr‘
487 4369 535 4439 der
543 4368 743 4525 [ακκροκαῦ
786 4372 836 4444 De
859 4368 916 4436 hac
939 4368 1074 4444 mensuri
1096 4376 1210 4453 Macer,
1233 4377 1295 4536 13:1⁴
1314 4415 1318 4418 ,
