3250 5259
634 488 723 578 tun
741 485 848 575 itu
866 475 1104 606 evucurt
1125 479 1164 580 sl

340 702 603 790 -aiptiqntflimam
616 699 676 766 elie
687 701 895 768 eunuchorum
915 699 1115 770 conditionem
1132 700 1241 766 evincit
1252 703 1340 766 Sacra
1349 701 1451 786 S'ctip-

326 813 403 874 tutat
417 811 486 876 quae
495 790 702 874 Putlplt'are't‘ti,
712 789 917 854 validifftmum
928 784 1038 856 inauli
1047 789 1216 868 Pharaonis,
1233 791 1355 874 AEgypti
1366 793 1471 876 tegis,

323 883 505 956 eunuchum,
519 876 725 961 &principem
739 877 897 955 exercitia,
912 893 1045 964 tempore
1058 873 1179 960 ¹joseph,
1199 876 1251 940 sili
1263 878 1369 960 Jacob,
1387 896 1452 940 me-

326 985 435 1035 morat.
453 962 561 1030 Genes.
581 965 738 1042 xxxix:
757 980 785 1028 t.
806 969 910 1030 Tanta
922 965 1053 1039 eunuchi
1066 963 1186 1028 sortuna
1201 965 1307 1050 probat
1328 959 1367 1027 ad
1381 967 1456 1029 anti·

325 1061 432 1143 qniota
457 1069 597 1135 tempera·
615 1052 762 1134 pertinere
787 1071 893 1117 eorum
921 1061 1042 1118 nomen.
1100 1047 1309 1136 Suffiagantut
1331 1070 1457 1138 quoqne

204 1182 206 1189 ι
327 1141 516 1216 vetastiffima
533 1140 657 1223 'imperii
682 1138 811 1204 siarum
837 1139 1038 1214 monumenta,
1072 1140 1142 1222 quae
1169 1135 1232 1225 iplai
1261 1139 1455 1223 aetat'euregis

327 1229 592 1312 Yao,·qui·tvivere
611 1217 700 1290 desiit
716 1245 808 1290 anno*
823 1245 861 1293 aa
866 1227 906 1314 58
931 1244 999 1292 ante
1013 1223 1177 1304 Christum,
1202 1225 1356 1314 eunuchos
1369 1234 1471 1292 eom-¹

328 1323 506 1384 memorant.
750 1319 755 1327 '
787 1319 794 1354 ²
823 1314 854 1328 ‘'
888 1347 892 1364 .
937 1313 941 1322 ’

349 1402 627 1486 „ermenrigo
647 1420 702 1466 noa
718 1401 831 1480 lateret,
845 1404 877 1468 ni
896 1401 959 1484 jam
978 1399 1095 1464 laudata
1110 1395 1237 1462 Sinensta
1265 1383 1470 1466 monumenta
1534 1465 1535 1490 ,

328 1489 483 1559 lucania·
501 1490 557 1554 hac
582 1487 759 1556 obscuritate
783 1487 990 1573 praetulissent.
1017 1491 1059 1552 iis
1089 1487 1167 1551 enim
1183 1485 1373 1550 'edidicimus
1403 1493 1461 1552 ori·

329 1584 437 1664 ginem‘
465 1577 684 1660 eunuchorum,
713 1585 755 1640 ut·
775 1578 846 1642 tale·
874 1575 996 1640 decebat
1029 1575 1223 1639 humanitatis
1264 1570 1460 1660 propudium,

328 1663 585 1740 suisseinsamiam,
606 1662 739 1746 Nempe,
754 1665 814 1728 ubi
825 1661 956 1748 primum
971 1664 1101 1726 conditae
1113 1658 1180 1724 sunt
1195 1661 1350 1724 hominum
1365 1657 1459 1728 socie-

330 1770 416 1828 tates,
431 1771 554 1836 erupere
564 1751 645 1826 vitia,
665 1769 700 1814 ae
714 1751 805 1815 modo
820 1753 887 1836 pest
909 1752 1043 1816 crimina.
1086 1749 1157 1812 Non
1169 1746 1264 1812 sittim
1281 1755 1406 1814 ventum
1425 1751 1473 1815 ad'

330 1839 487 1924 supplicia.
514 1839 627 1903 Placuit
636 1837 779 1922 pudorem
793 1838 932 1922 experiri,
946 1859 1009 1921 quo
1021 1838 1148 1902 coerceri
1163 1835 1258 1918 posset
1271 1855 1392 1900 reorum
1405 1840 1464 1902 im·

329 1928 473 2014 probitas.
517 1926 614 1989 indita
628 1923 694 1988 sunt
708 1945 779 2010 ergo
789 1925 950 1988 criminum
960 1926 1017 1988 reis
1026 1924 1166 2010 quaedam
1175 1921 1266 2007 figna,
1276 1921 1381 2010 &julii
1393 1923 1463 1988 sunt

329 2013 421 2078 vestet
434 2013 520 2075 certis
533 2013 680 2075 coloribus
694 2011 843 2075 distiniias
857 2013 988 2086 induere,
1004 2027 1069 2076 tum
1083 2025 1119 2073 ut
1132 2009 1375 2094 dignoscerentur
1387 2013 1416 2074 u
1427 2013 1465 2084 ab

307 2158 310 2167 .
332 2103 370 2164 iis
385 2105 610 2183 praecaveretur,
624 2111 690 2160 tum
704 2103 739 2160 u't
748 2099 831 2182 ipsos
845 2094 889 2161 sui
906 2099 1031 2181 puderet
1046 2092 1075 2160 bt
1090 2095 1120 2159 in
1145 2099 1250 2160 melius
1265 2113 1462 2163 verterentur.

332 2186 461 2252 Duravit
475 2185 544 2247 usus
553 2185 627 2248 dum
642 2183 699 2247 suit
712 2183 742 2247 bt
754 2183 917 2249 securitatis
930 2183 960 2249 δι
971 2185 1154 2268 poenitentia
1165 2180 1238 2268 spes.
1253 2188 1296 2248 At
1308 2181 1381 2250 ciam
1407 2185 1462 2250 im·

336 2275 505 2362 proborum
520 2269 676 2335 hominum
697 2288 813 2349 natura,
838 2273 1011 2357 aliquandiu
1038 2273 1154 2356 pudore
1172 2274 1311 2349 coercita,
1346 2273 1464 2338 levitate

335 2383 438 2449 poena
449 2358 616 2423 insolescere
623 2361 765 2441 caepisset,
777 2362 946 2444 excogitan
961 2360 1112 2462 supplicia.
1130 2361 1307 2444 'Qaeinter
1321 2377 1463 2443 quartum
1536 2359 1537 2384 ¹

333 2463 541 2516 memoratura
554 2445 953 2530 vetuslillimis'scriptoribus
968 2435 1139 2511 stne'risrbus'
1162 2447 1312 2510 virilitatis
1339 2447 1464 2532 ademp·

335 2540 390 2600 tio.
414 2537 517 2616 anue
529 2550 592 2599 erat
606 2555 707 2619 poena,
722 2555 791 2619 quae
812 2534 977 2614 calumnia,
1007 2533 1213 2620 impudicitiae,
1236 2535 1402 2618 proditioni
1422 2539 1463 2600 in·
1535 2545 1537 2600 i

337 2621 647 2789 filiiifflginemita
661 2725 785 2790 qnoque
799 2699 1153 2792 primum-eunuchorum
1167 2680 1278 2770 'siasutl't
1291 2713 1345 2772 noe
1357 2709 1468 2776 docent

312 2794 315 2799 ’
339 2791 470 2862 Sinensta
483 2808 681 2857 monumenta.
725 2797 814 2858 Haud
843 2793 911 2859 satis
935 2793 1031 2859 visum
1056 2796 1210 2858 eunuchos
1225 2795 1367 2860 virilitate
1384 2802 1464 2875 exui,

337 2883 453 2953 eondui
466 2877 533 2947 sunt
546 2882 578 2943 in
591 2880 780 2945 interioribus
798 2883 897 2965 palatii
922 2884 1131 2964 imperatorum
1148 2869 1464 2967 Sinenstum'pa'rtibus

340 2970 462 3053 aliisque
475 2985 579 3033 eorum
594 2967 746 3050 domibus,
760 2985 796 3030 ut
805 2969 916 3033 vilia&
936 2968 1070 3054 difficilia
1086 2986 1214 3054 quaeque
1226 2969 1385 3035 minisletia
1400 2975 1466 3037 obi·
1536 3007 1538 3036 t

338 3075 426 3132 rent;
452 3053 494 3134 δι,
518 3053 588 3120 cum
609 3054 732 3124 insumet
746 3053 847 3129 essent,
873 3057 991 3139 prodire
1014 3057 1044 3119 in
1072 3059 1258 3138 imperatoris
1272 3057 1466 3142 conspesiunt

267 3209 270 3215 ,
340 3144 595 3232 prohibebantur:
617 3141 744 3225 ideoque
758 3144 794 3207 iia
808 3142 937 3208 maxime
953 3143 1066 3208 credita
1080 3141 1178 3209 officia
1190 3145 1268 3227 apud
1289 3165 1418 3211 uxorem
1439 3147 1465 3210 ἃ
1495 3228 1497 3238 ¹

338 3231 517 3299 concubinas
527 3232 722 3312 imperatorie.
1386 3304 1388 3310 ,

284 3394 287 3405 1
384 3318 453 3380 illas
467 3313 597 3380 infamiae
606 3314 753 3399 angustias
768 3315 848 3400 apud
866 3315 1023 3400 AEgyptios
1033 3315 1105 3379 'cito
1119 3316 1220 3404 egreffi
1241 3315 1309 3382 sunt
1322 3321 1467 3400 eunuchi,

333 3401 412 3468 ,ciam
426 3403 617 3486 Putipharem
643 3402 793 3468 exercitiis
820 3403 983 3488 principem
995 3405 1057 3484 jam
1081 3401 1167 3488 supra
1196 3411 1468 3474 memoraverimus.

340 3495 385 3556 At
395 3493 426 3553 in
443 3487 556 3552 Sinensr
576 3491 710 3570 imperio,
732 3491 784 3555 ubi
810 3487 974 3574 plurimum
990 3489 1100 3573 semper
1114 3493 1205 3555 valuit
1220 3493 1413 3576 antiquitatis
1427 3517 1468 3560 re·

343 3575 483 3651 verentia,
514 3576 670 3658 permulta
683 3575 788 3640 saecnla
802 3579 921 3640 duravit
935 3577 1143 3658 eunuchorum
1155 3579 1283 3660 squalor.
1308 3582 1366 3646 Per
1380 3579 1470 3651 scelus

344 3664 465 3728 taudem
479 3681 548 3726 eum
563 3658 682 3739 ex'utire,
703 3662 783 3740 etim,
807 3661 923 3727 samnia
937 3665 968 3726 in
984 3663 1148 3728 Annalibus
1162 3665 1332 3730 Sinenfibus
1354 3668 1469 3759 imperii
1515 3743 1518 3750 ,
1536 3657 1538 3736 i

343 3750 442 3848 pesile,
466 3748 530 3812 Pao
554 3747 615 3897 dec
639 3752 802 3854 concubina
828 3749 1011 3853 imperatoris
1036 3749 1109 3814 Yeou
1132 3755 1241 3836 Ounng,
1266 3753 1326 3838 ¹qui
1350 3777 1471 3841 regnare

341 3851 527 3922 coeprtanno
542 3855 557 3917 7
586 3853 598 3896 ι
617 3836 855 3912 antecttrstum,
865 3834 1034 3900 usaarttbus
1048 3841 1186 3913 eunuchi,
1201 3842 1301 3923 adegit
1313 3841 1471 3926 imperato·

247 3995 253 4006 ,
343 3945 406 3990 tem
421 3943 548 3987 uxorem
561 3918 642 3986 suam
657 3925 817 4007 legitimam
840 3926 1005 4007 repudiate,
1025 3921 1146 4008 ejusque
1162 3927 1257 3989 filium
1276 3929 1470 4011 imperatorio
1537 3923 1538 3946 ³

339 4012 413 4093 jure
422 4009 561 4074 orbatum
577 4011 778 4092 pronuntiare,
793 4025 828 4074 ut
845 4010 904 4094 ipsa
920 4013 949 4072 in
963 4015 1159 4094 imperatoriae
1171 4016 1273 4077 uxoris
1286 4015 1469 4099 dignitatem,

343 4097 470 4182 ejusque
483 4097 562 4160 silius
576 4098 608 4158 in
629 4097 796 4160 hereditatis
819 4097 899 4180 spem
913 4095 1126 4166 adsumeretur.
1163 4101 1227 4163 Ubi
1243 4119 1387 4166 votorum
1400 4105 1469 4184 'suit

343 4203 476 4268 compos,
499 4203 560 4248 non
574 4179 668 4246 soiirm
677 4185 817 4260 eunucho
831 4187 869 4248 de
884 4183 1000 4247 sebene
1016 4177 1121 4250 metito
1134 4189 1248 4272 gratam
1259 4209 1293 4251 ae
1308 4202 1468 4264 memorem

343 4269 371 4335 se
386 4269 532 4356 praestitit,
545 4291 674 4356 eumque
688 4271 799 4358 palatio
814 4267 983 4362 pr‘aeposuit,
999 4269 1048 4338 sed
1062 4272 1092 4338 ἃ
1108 4276 1263 4342 eunuchos
1277 4275 1317 4436 dd
1344 4279 1469 4358 plurima

363 4395 369 4414 ·
590 4408 595 4416 .
1323 4384 1470 4450 praecipua
