3250 5259
364 496 437 583 nu
461 496 612 583 uams
629 446 800 583 noua
826 496 1070 608 nouatum.

136 678 198 753 sed
213 682 620 770 tecensestadulterInusque
634 682 723 764 setus,
746 708 800 751 nec
814 685 965 762 latinam,
987 684 1038 750 sed
1060 687 1193 755 Italicam
1219 692 1276 758 liu·
1346 690 1349 693 ’
1473 664 1477 669 ¹

129 768 229 859 gnam
264 773 347 858 sapit.
392 772 488 837 Rene
530 780 608 837 enim
639 772 840 839 observatum.
866 772 987 836 erudito
1025 772 1179 859 Pignorio,
1213 778 1276 863 Ep.

131 864 289 927 XXXIV.
316 880 452 927 sacua.
474 875 719 927 ossuusroma.
743 883 801 927 ru.
827 880 949 925 noua.
977 880 1054 924 mera
1093 866 1191 931 Italica
1206 867 1276 946 effe,

131 944 562 1031 Fattalamostrar'nRoma.
608 948 683 1012 Vidi
707 969 864 1013 nummum
888 968 999 1012 aereum
1028 950 1160 1030 Claudii,
1191 960 1274 1020 anti.

130 1056 236 1120 quum
252 1038 387 1119 quidem,
412 1036 442 1098 in
455 1036 541 1115 cujus
557 1034 667 1117 posticas
680 1052 761 1121 parte
774 1037 948 1119 coronfique
962 1036 1061 1100 laurea
1072 1030 1275 1107 hadmenda·

131 1125 176 1187 cia
186 1124 310 1195 fuerant
326 1124 441 1187 caelata.
483 1123 611 1187 Evidens
624 1140 687 1188 erat
706 1123 800 1188 fraus.
842 1126 923 1189 Nori
938 1138 1037 1187 tamen
1051 1128 1104 1209 qui
1117 1145 1276 1196 nummum

136 1212 311 1297 genuinum
324 1208 381 1276 esse
395 1210 598 1275 defenderent.
1208 1256 1216 1271 .

180 1304 277 1363 Anno
286 1300 329 1363 U.
346 1302 603 1363 C.ncccxxv11.
645 1296 840 1382 Vespaflanns
851 1296 881 1360 dt
893 1300 987 1363 Titus
1000 1299 1133 1364 censores
1150 1301 1276 1368 instrum

139 1384 401 1471 septuagefimum
411 1384 595 1469 quintum&
620 1404 823 1469 svrnamvua
851 1388 1023 1452 condidere.
1072 1386 1174 1472 Postea
1188 1390 1279 1457 lustra

131 1472 224 1559 plani
235 1472 312 1561 fieri
327 1472 440 1555 deflere.
483 1472 662 1537 Censorium
690 1475 728 1538 de
753 1474 801 1535 die
824 1474 926 1538 natali.
953 1481 1027 1557 Cap.
1047 1477 1161 1541 XVIII.
1188 1478 1277 1563 Qrot
1361 1490 1365 1498 ’
1406 1496 1409 1505 ’

90 1621 97 1651 1
137 1560 252 1625 civium
275 1562 370 1628 millia
400 1564 432 1623 in
455 1580 491 1623 eo
515 1560 608 1625 lustro
631 1559 713 1625 censa
738 1558 849 1624 fuerint
878 1583 965 1626 nemo
993 1564 1139 1645 prodidit.
1185 1561 1276 1633 Plura

136 1646 219 1715 terte
233 1646 331 1724 suere,
355 1648 447 1731 quun
460 1652 559 1732 'priore
575 1646 678 1727 lustro,
698 1650 816 1713 civitate
830 1650 967 1713 Romania
988 1671 1006 1713 a
1023 1651 1152 1716 Claudio
1167 1652 1196 1717 δι
1209 1656 1277 1721 Ne·

134 1756 205 1799 rone
223 1735 480 1819 intemperantius,
504 1736 596 1820 quam
608 1732 782 1811 consultius,
806 1738 942 1821 vulgatas.
1105 1732 1108 1737 ’

182 1825 277 1887 Auno
291 1823 335 1890 U.
359 1828 394 1887 G.
411 1842 492 1887 mlv.
534 1826 645 1887 Decius
664 1823 815 1889 censuram
844 1822 998 1888 restituere
1020 1824 1128 1906 voluit,
1148 1829 1279 1913 maguoss

138 1931 199 1992 que
228 1928 375 1993 apparatu
404 1910 551 1975 censorem
572 1910 643 1974 fecit
674 1909 880 1977 Valerianum.
926 1912 1101 1981 Trebellius
1128 1906 1225 1981 Pollio
1246 1920 1278 1988 in

139 1998 300 2061 Valeriano
327 2002 401 2081 Cap.
425 2001 447 2061 l.
474 1997 558 2062 &IL
603 2002 644 2061 At
664 2020 734 2063 cura
748 1999 813 2064 haec
829 1996 952 2075 inutilis,
975 1996 1047 2065 crim
1069 2022 1174 2066 ornnes
1196 2001 1278 2073 orbis

140 2086 274 2149 Romani
291 2086 403 2149 incolas
425 2088 595 2150 Antoninus
623 2088 773 2153 Caracalla
798 2090 877 2151 cives
898 2090 1049 2151 Romanos
1073 2087 1200 2167 fecissem
1225 2116 1279 2161 nec
1357 2124 1363 2133 ·

138 2173 271 2254 ullajana
279 2172 350 2237 osset
361 2170 490 2237 censoria
499 2175 662 2258 castigatio,
672 2190 742 2259 quae
755 2176 874 2256 publica
885 2175 1159 2242 d‘elislaemendare
1170 2182 1275 2262 pollet.

180 2257 265 2327 cum
279 2261 347 2325 hare
360 2261 523 2326 dissertatio
538 2262 629 2329 Fastis
650 2260 835 2347 Capitolinis
845 2279 880 2326 ut
897 2262 1060 2347 plurimdm
1076 2269 1201 2343 nitatur,
1224 2292 1278 2335 eo·

141 2369 209 2415 rum
224 2350 420 2429 computandi
445 2350 592 2414 rationem
613 2346 678 2427 sum
705 2348 832 2414 secutus.
875 2353 927 2414 Ab
942 2352 988 2413 his
1010 2350 1109 2415 lustris
1127 2354 1276 2423 diversum

142 2434 481 2520 estAugustiedidlum,
505 2434 538 2503 ut
550 2435 758 2525 describeretur
782 2437 933 2524 universus
947 2437 1035 2505 orbis.
1078 2443 1157 2506 Luc.
1179 2446 1220 2522 11,
1247 2465 1275 2511 1.

434 2614 552 2684 Brotier
567 2608 604 2678 ad
613 2630 681 2694 cap.
698 2630 779 2675 xxv.
801 2610 856 2675 lib.
870 2628 927 2677 xr.
942 2612 1045 2675 Tacit.
1066 2613 1177 2681 Annal.

141 2937 215 3013 nu
254 2932 400 3011 Unus
436 2936 604 3010 nostru
646 2934 886 3007 romaum
928 2935 966 3007 a
1005 2936 1278 3012 mansuro.

277 3034 426 3125 'Duru
453 3034 1181 3144 1NcouanuMQJauumuu0..

144 3248 247 3405 Ea
273 3262 365 3310 ruta·
389 3248 596 3310 Romanorum
622 3249 725 3331 pietas,
749 3256 785 3309 ut
811 3235 913 3309 omitia
938 3270 956 3311 a
980 3247 1124 3331 religione
1145 3244 1281 3331 auspica.

241 3348 357 3401 rentur.
405 3334 523 3397 Enltuit
549 3334 681 3398 maxime
704 3338 735 3399 in
750 3333 957 3399 consecrandis
983 3338 1103 3398 urbium
1118 3355 1152 3398 ac
1168 3337 1281 3419 potilli-

145 3442 232 3487 mum
249 3427 358 3486 Romae
372 3424 474 3497 muris,
499 3421 551 3504 qui
568 3424 649 3506 apud
666 3445 717 3487 eos
738 3420 832 3485 sanffi
846 3422 875 3483 δι
889 3424 1082 3505 quodammodo
1095 3420 1195 3485 divini
1197 3423 1288 3505 juris'

144 3526 243 3575 erant.
286 3506 402 3591 DIgest.
420 3510 487 3573 libr.
507 3534 534 3577 1.
563 3514 626 3575 Tit.
640 3508 724 3574 VllI.
751 3510 789 3572 de
807 3530 908 3571 rerum
924 3508 1076 3573 divisrone.
1105 3514 1179 3593 Leg.
1194 3516 1220 3573 I.
1243 3523 1284 3575 ex

144 3598 234 3663 Caio.
277 3596 352 3660 Inde
370 3598 445 3679 legis
459 3594 603 3673 severitas,
628 3596 664 3663 Si
678 3596 741 3682 quis
756 3595 919 3659 violaverit
932 3618 1037 3672 muros,
1057 3596 1151 3681 capite
1172 3596 1284 3681 punia-

146 3700 208 3749 tur.
257 3684 337 3749 ibid.
361 3686 440 3769 Leg.
466 3704 516 3749 11.
541 3706 580 3748 cx
601 3686 774 3769 Pomponio
822 3685 868 3746 Ut
899 3700 998 3746 antem
1023 3700 1158 3747 maneret
1175 3684 1285 3747 ianua

144 3792 254 3836 eorum
270 3770 420 3848 sanslitas,
444 3773 482 3835 ab
511 3772 622 3853 injurii
644 3772 800 3835 hominum
816 3768 1050 3835 defendebantur
1069 3788 1159 3852 atque
1172 3772 1287 3834 munse-

146 3860 273 3935 bantur,
298 3857 400 3923 relius
421 3878 480 3922 tam
505 3862 591 3935 intra,
624 3859 716 3943 quam
742 3874 830 3921 extra
850 3861 966 3934 urbem,
991 3875 1072 3940 parte
1096 3860 1172 3942 agri,
1194 3859 1287 3921 muris

145 3948 257 4023 victua,
282 3964 374 4030 quam
394 3970 481 4031 neque
496 3946 638 4025 habitari,
662 3968 749 4028 neque
763 3945 853 4007 arari
866 3946 923 4033 fas
948 3959 1022 4009 erat.
1067 3948 1171 4008 Livius
1182 3949 1207 4020 1,
1230 3965 1286 4026 44.

146 4037 309 4119 Augures,
335 4032 420 4096 sacris
444 4034 575 4095 Etruscis
592 4033 645 4108 usr,
671 4032 778 4105 effatis,
803 4031 1017 4116 seu-precibus,
1041 4054 1093 4117 per
1113 4034 1206 4105 totius
1233 4052 1288 4095 ur·

151 4123 203 4187 bis
228 4124 387 4186 circuitum
403 4142 478 4203 pone
494 4142 595 4183 muros
610 4142 718 4205 agrum
743 4118 831 4181 illum
853 4119 1076 4193 consecrabant,
1099 4135 1134 4181 ut
1160 4116 1290 4183 iacerent

141 4209 236 4297 finem
252 4209 360 4271 urbani
380 4206 500 4354 ausbicii
511 4229 522 4268 .·
546 4208 613 4271 inde
637 4228 741 4289 agrum
755 4208 840 4270 illum
866 4210 985 4284 effaetum
1009 4208 1189 4284 vocitabant,
1212 4208 1289 4270 Gel-

149 4298 212 4359 lius
229 4300 314 4370 XIII,
343 4314 403 4374 14:
457 4312 524 4356 arro
539 4293 577 4358 de
604 4300 693 4379 Ling.
711 4298 780 4357 Lat.
798 4292 836 4357 V.
860 4294 1025 4359 Pomeriunt
1039 4314 1163 4377 quoque
1177 4294 1289 4371 dixere,

149 4385 240 4471 quod
252 4404 332 4471 pone
345 4401 449 4449 muros
462 4400 530 4468 ager
556 4382 642 4448 certis
666 4380 745 4447 circa
770 4382 901 4447 terminis
912 4383 1088 4463 inaugurato
1099 4380 1292 4449 conleoaba·
1319 4445 1322 4450 .

1220 4485 1296 4547 tur;
