3250 5259
261 497 426 602 nomn
448 498 519 574 nn
542 497 637 574 mn.
661 497 733 574 nn
757 501 884 580 uror.
908 501 1144 586 aunuum.

182 702 307 764 Surmrrr
325 713 421 765 rumen
444 701 591 766 ariorum.
633 699 697 768 Alii
709 699 813 784 pollen·
825 699 973 770 succinum
987 709 1065 772 inter
1078 712 1260 784 bituminum

134 781 307 868 'labrumque
323 783 428 868 species
442 806 689 874 annumerarerer
711 809 842 870 quorum
863 790 1018 858 sententia
1029 795 1126 866 favere
1140 804 1261 870 videbe.

137 890 191 941 tur
213 872 368 940 succinum
394 873 498 951 roffile,
520 878 551 938 in
564 879 645 962 agria
669 877 802 941 Pruffieis
822 879 926 960 pallim
950 883 1102 956 obriumr.
1116 909 1264 975 repertun

137 981 270 1047 quoque
287 963 319 1026 in
333 959 465 1029 saxonia
479 983 573 1046 prope
587 966 733 1046 oppidum
757 961 967 1052 Schmirelerg,
987 967 1107 1054 aliisque
1120 979 1150 1040 iu
1163 979 1265 1052 lucina

139 1054 217 1114 mari
233 1047 345 1114 diffitir.
389 1054 465 1114 Sunt
481 1051 688 1115 tamenadhuc
700 1053 730 1114 ἃ
744 1051 876 1134 plurimi,
896 1055 948 1134 qui
965 1052 1116 1126 succinum
1129 1068 1185 1138 elie
1198 1069 1267 1146 susp*

139 1158 212 1202 cum
226 1140 369 1202 arborum
384 1139 536 1222 pinearum
551 1159 586 1202 ac
598 1140 790 1222 populearum
810 1139 935 1215 voluur;
958 1139 1019 1226 qui
1031 1147 1069 1212 de
1083 1171 1116 1216 re
1128 1154 1265 1242 iugenio·

137 1217 180 1288 sas
196 1246 233 1288 ac
248 1225 418 1307 probabiles
431 1224 615 1306 conjecturas
627 1247 721 1310 nuper
733 1224 884 1290 edidirel.
902 1228 1038 1314 Formey.

187 1309 377 1378 Inrerlucenr.
422 1315 565 1398 Amnem,
593 1314 744 1388 formicas,
775 1333 856 1396 aper,
879 1315 996 1398 aliaque
1021 1321 1050 1384 id
1069 1345 1174 1408 genus,
1196 1323 1264 1400 [120ss

140 1401 215 1462 cino
226 1398 333 1478 clausa,
357 1415 392 1464 ut
415 1399 494 1463 redii
507 1402 637 1484 explicat
648 1401 784 1476 Tacitus,
805 1399 882 1482 saepe
895 1403 1033 1472 vidimus.
1076 1416 1120 1476 At
1135 1418 1264 1486 circum.

141 1485 287 1550 feruntur
297 1507 420 1572 quoque
440 1487 554 1565 lacerti,
574 1488 689 1571 aliaque
702 1490 813 1570 majora
828 1489 963 1554 animalia
976 1491 1095 1562 succino
1109 1499 1265 1587 implicita,

142 1590 335 1638 nonnuturae
348 1571 426 1656 lusu,
447 1571 497 1638 sed
517 1577 727 1638 circulatorum
738 1575 905 1650 fraudibus,
928 1581 981 1662 qui
1004 1582 1048 1646 his
1061 1589 1200 1656 monstris
1211 1617 1264 1680 pe.

142 1659 449 1744 tuniolos&ignaros
458 1663 591 1726 nomines
602 1678 724 1747 argento
736 1679 917 1746 emungunt.
1274 1681 1276 1686 ·

155 1743 159 1754 '
191 1745 327 1813 Orientis
338 1747 467 1832 ferreris.
511 1753 591 1813 Bene
612 1750 806 1832 accurateque
832 1749 962 1830 didlum,
982 1755 1054 1836 quia
1067 1758 1145 1826 inter
1157 1761 1268 1836 secretu

147 1835 339 1900 habebantur
362 1836 596 1918 colebanturque
624 1837 712 1900 thura
734 1857 769 1900 ac
792 1835 930 1902 balltma.
974 1844 1021 1904 De
1036 1845 1123 1912 tlrure
1147 1855 1269 1922 Arabiae

144 1923 230 2072 uide⁶
258 1924 386 1988 Plinium
421 1926 497 2001 XII,
533 1943 584 2004 ιφ
634 1928 685 1988 De
718 1924 834 2005 Judaeae
866 1925 994 1992 ballamo
1024 1932 1158 2002 diximus
1190 1943 1269 2012 fflll.

176 2058 362 2182 ’Inuduerſsr
375 2093 472 2159 litora.
515 2096 698 2181 Eproximo
710 2099 859 2162 Suionum
878 2102 952 2164 mari
972 2102 1004 2166 iu
1018 2106 1270 2183 udrerlaAEliio-
1362 2137 1364 2144 ⁴

149 2204 220 2248 rum
234 2183 324 2247 litora
337 2185 366 2246 ri
382 2182 587 2266 uempesterum
607 2179 758 2248 succinum
771 2187 1002 2268 propellebatur.

193 2269 343 2350 olentem„
358 2324 360 2329 .
378 2269 538 2336 Succinum
551 2272 656 2335 attritu
671 2271 826 2358 odorrique
842 2273 960 2338 detumit
975 2279 1081 2360 pinum
1093 2283 1217 2354 redolet.
1272 2349 1275 2356 ,

196 2448 284 2509 cna.
307 2443 421 2506 XLVI.
464 2441 534 2508 Sede
556 2465 592 2507 ac
614 2442 789 2511 Drmiciliis·
834 2446 940 2512 Sedem
965 2449 1175 2544 domiciliaque
1195 2461 1281 2551 fige.

152 2532 226 2598 bant
239 2533 373 2596 Peucini.
416 2530 529 2608 contri
547 2535 690 2596 Sarmetae
704 2534 735 2596 in
749 2529 880 2614 plaullro
892 2553 1027 2620 equoque
1041 2543 1200 2612 vivebant.¹
1297 2541 1300 2624 ζ

197 2615 336 2682 Conubiir
353 2615 463 2680 mixtis.
507 2621 702 2690 Peucinorum
727 2638 861 2702 proceres
884 2623 1010 2688 conubia
1031 2627 1273 2708 miscebautcum
1331 2693 1334 2702 .

151 2707 306 2782 sarmatis,
327 2705 358 2767 8r
371 2705 403 2766 in
419 2706 617 2782 Sarmatarum
633 2705 771 2777 habiturn
781 2704 935 2790 moresque
943 2708 1144 2790 loedabanrur.
1339 2783 1346 2790 .

195 2791 311 2859 Venedi.
370 2785 484 2855 Venedi
524 2793 600 2858 ultre
635 2795 778 2859 Peucinos
805 2793 835 2856 ἂ
863 2797 1014 2862 Bullarnas
1047 2805 1085 2868 ad
1115 2811 1274 2882 Sueuicuru

152 2877 250 2964 usque
267 2894 359 2954 mare,
386 2877 416 2940 la
436 2901 497 2942 mer
517 2878 662 2964 Baltiqrre,
694 2882 955 2964 protendebantur.
997 2889 1183 2962 Venedorum
1206 2925 1273 2967 me.

152 2968 280 3034 moriam
303 2966 404 3028 adhuc
426 2968 533 3030 retinet
555 2969 642 3032 Sinus
669 2963 844 3044 Venedicns,
866 2989 946 3038 nuuc
966 2970 993 3034 le
1016 2973 1098 3062 Gopir
1114 2983 1149 3046 de
1167 2983 1274 3053 Dant.

151 3054 216 3136 zig.
273 3053 375 3118 Manet
395 3072 519 3136 quoque
544 3075 651 3118 nomen
677 3053 711 3117 in
724 3053 863 3132 Wendrn,
885 3079 960 3140 quae,
979 3081 1044 3143 pura
1064 3065 1106 3128 est
1124 3071 1277 3144 Linoniae.

151 3143 234 3204 Cium
246 3142 463 3204 Germanorum
478 3157 581 3224 genter
595 3141 731 3224 plurimae
744 3141 775 3204 iu
789 3145 917 3223 ltaliam,
940 3143 1084 3228 Galliam,
1105 3155 1277 3240 Hispanirm.

153 3225 337 3312 irrupillent,
359 3223 486 3315 Venedi,
507 3227 580 3292 dieti
593 3247 715 3312 qnoque
733 3229 863 3306 Winedi,
886 3251 991 3296 vacuae
1003 3233 1083 3302 seder
1096 3261 1279 3328 occupmere

156 3320 235 3379 iuter
249 3311 393 3377 Vistulam
407 3310 438 3378 tr
452 3316 567 3384 Albim.
608 3317 683 3380 lude
708 3317 883 3382 Danubium
906 3323 1055 3402 trajecere,
1078 3331 1273 3415 Delmatiam,

155 3404 326 3486 lllyricnm,
348 3399 614 3478 infirmemur,
631 3399 819 3485 Noricasque
828 3404 916 3486 Alpes
930 3423 1060 3474 renuere.
1103 3411 1284 3492 Decorum.

153 3491 279 3556 nomine
292 3507 358 3571 pars
378 3488 643 3556 Ceruiolaeudhuc
665 3491 773 3552 dicitur
796 3487 1015 3576 Wrndpirmrrk.
1058 3501 1108 3562 Ob
1119 3506 1275 3574 celebrita.

156 3593 219 3640 tem
234 3575 484 3658 nobilitatemque
504 3579 704 3662 cognominari
723 3573 789 3640 lunt
807 3577 896 3652 Slavi,
917 3581 1109 3670 lucillimrique
1127 3593 1206 3676 uiget
1219 3619 1274 3664 eo.

155 3684 228 3730 rum
250 3663 362 3746 lingua,
382 3662 415 3724 la
438 3661 541 3744 langue
565 3660 733 3742 Srlaurnne,
755 3662 794 3726 de
814 3665 1006 3744 quderuditri
1026 3673 1153 3741 differuit
1174 3683 1221 3748 Cl.
1234 3687 1274 3751 de
1374 3727 1379 3734 ·

155 3750 341 3835 Peyllonnel,
365 3744 567 3835 Observationr
586 3745 768 3832 Hssoriques
790 3747 828 3811 {ui
850 3747 1272 3856 Giographipuesjurlrspru·

149 3839 212 3925 ples
226 3836 377 3919 duriores,
400 3856 468 3920 pag.
487 3855 540 3899 vu
556 3837 588 3900 ἃ
600 3839 681 3917 leqq.

202 3922 242 3988 In
258 3921 386 4009 plarfiro
397 3943 526 4004 equoque.
571 3923 619 3986 Sic
633 3925 662 3984 dr
675 3921 766 3986 lodie
778 3923 883 3988 uiuunt
910 3928 1111 4000 Sarmatarum
1131 3939 1272 4026 reliquie,

153 4010 195 4078 les
212 4005 367 4082 Turtures,
385 4007 424 4072 les
438 4005 559 4089 liugan.
1299 4027 1301 4032 ·

195 4091 318 4160 Fennis.
373 4098 486 4158 Eurum
522 4098 605 4180 regio
631 4116 648 4160 u
675 4094 771 4165 Plinio
796 4099 852 4172 lV,
885 4117 933 4186 13,
969 4103 1094 4183 dicitnr,
1130 4109 1274 4196 Eningia,

154 4177 254 4258 Forte
276 4177 381 4260 melitis
393 4183 536 4267 legeretur
548 4181 699 4263 Feningia.
742 4184 840 4248 Hodie
863 4184 893 4250 la
914 4187 1064 4257 Primum.
1106 4199 1273 4270 Fennorum

148 4263 300 4336 feritatem
314 4287 577 4356 paupertaremopru
591 4270 726 4344 deleribu
748 4269 963 4354 Wurnclridus,
983 4279 1024 4344 de
1036 4280 1135 4350 Gestis
1148 4287 1273 4372 Lago.

1208 4379 1273 4444 bar·
