3250 5259
446 559 918 700 aethestan
992 689 995 695 ¹
1196 561 1364 656 -n⁴·

115 755 176 820 Sed
193 756 227 820 in
251 753 373 818 theatris
396 751 460 818 vasa
475 753 610 840 resupina
625 745 887 840 suspendebantur.
933 721 1024 822 Tale·
1042 740 1119 840 ottid
1141 744 1252 818 autent

113 848 230 908 Romae
244 839 356 905 stastum
372 838 456 906 suille
467 840 526 906 suis
546 847 731 927 temporibus
746 863 833 930 negat
847 848 1011 923 Vitruvius,
1033 831 1079 905 sed
1096 846 1124 905 in
1140 843 1240 905 ltaliae

114 930 288 1014 regionibus
312 929 392 992 etin
417 929 553 1011 pluribus
574 933 774 1014 Graecorum,
791 935 970 998 civitatibus.
1015 931 1101 993 Unde
1125 928 1238 993 Lucius

113 1019 284 1082 Mummius
303 1017 405 1078 diruto
430 1017 660 1082 Corinthiorum
687 1020 801 1082 theatro
826 1023 889 1102 ejus
912 1037 999 1083 aenea
1020 1015 1084 1105 rasa
1106 1015 1240 1080 Roma'nt
1291 1024 1295 1028 ’

114 1103 297 1187 deportavit.
342 1103 433 1164 Multi
461 1106 548 1166 etiam
574 1105 735 1189 architesii,
759 1107 810 1188 qui
830 1107 862 1170 in
878 1107 1007 1188 ‘oppidis
1036 1125 1095 1167 non
1124 1102 1238 1186 magnis
1346 1174 1350 1181 ,

114 1194 236 1256 theatra
246 1187 484 1266 construxerunt,
508 1208 629 1274 propter
643 1195 716 1254 aeris
730 1193 871 1275 inopiam,
884 1191 1024 1280 fictilibus
1037 1189 1117 1252 doliis
1131 1192 1172 1252 ita
1192 1187 1237 1258 so·

111 1279 254 1343 nantibus
273 1276 383 1353 erectis,
404 1277 462 1339 hac
477 1279 693 1342 ratiocinatione
708 1280 888 1364 composrtis,
911 1276 1029 1341 usrsrnt.
1073 1276 1238 1362 Quaprop-

115 1382 162 1430 ter
183 1367 295 1430 Plinius
321 1365 373 1438 ait,
397 1365 427 1426 in
444 1364 565 1428 theatris
580 1383 685 1428 vocem
707 1369 819 1448 optime
843 1387 961 1430 currere
984 1365 1016 1428 in
1039 1365 1125 1426 doliis
1142 1347 1237 1440 inani*-

113 1455 183 1520 bus.
227 1455 261 1519 lu
275 1449 381 1533 ligneis
395 1466 493 1518 autent
510 1452 633 1515 theatris
655 1449 885 1535 (aitVitruvius)
911 1473 986 1534 quae
1003 1455 1115 1514 Romae
1138 1448 1237 1532 palan

115 1542 240 1614 fiebant,
263 1557 323 1602 nott
336 1553 398 1600 erat
416 1537 488 1600 nafis
501 1538 597 1602 aenda
607 1557 693 1620 opus,
712 1559 784 1603 cum
799 1541 994 1603 tabulationes
1008 1539 1148 1600 haberent
1158 1557 1240 1600 eom·

115 1629 228 1713 plures,
250 1643 324 1706 quas
337 1621 436 1688 souare
455 1625 562 1698 netelle
585 1639 657 1688 erat.
702 1623 805 1690 Aditur
820 1627 955 1710 permulti
965 1641 995 1688 et
1008 1621 1121 1711 spatiofi
1138 1610 1241 1706 dispo'·¹

114 1716 164 1778 fiti
192 1727 275 1777 erant
302 1713 381 1774 circa
403 1709 562 1788 theatrum,
599 1731 653 1774 nec
680 1713 829 1792 conjunttt
850 1711 1013 1796 superiores
1038 1711 1239 1790 inferioribus,

114 1801 214 1866 sedete
228 1798 366 1862 omnibus
379 1797 450 1862 locis
467 1799 600 1882 perpetui
615 1812 645 1861 et
669 1799 782 1875 diretti,
806 1799 865 1866 sroe
883 1797 1064 1864 inversuris:
1087 1801 1131 1861 uti
1147 1819 1240 1881 quum

110 1889 244 1975 populus
267 1885 471 1948 dimittebatur
487 1907 503 1950 e
517 1884 700 1968 {pestaculis
725 1903 786 1974 non
792 1889 1051 1974 comprimeretur,
1080 1883 1128 1948 sed
1149 1887 1243 1957 habs&

114 1995 161 2040 ret
181 1993 220 2046 ex
239 1973 375 2034 omnibus
389 1973 466 2034 locis
478 1976 578 2038 exitus
592 1969 735 2055 separatos
755 1971 816 2036 sttte
829 1974 1031 2057 impeditione.
1076 1971 1242 2056 Reliquum

115 2063 227 2127 theatri
240 2059 399 2124 artificium
413 2078 430 2118 a
443 2059 538 2140 gradu
560 2061 694 2123 omnium
714 2057 911 2144 superiorein
932 2059 1119 2123 altitudinem
1149 2065 1242 2128 trium

116 2147 375 2230 contignationum
391 2146 598 2226 exporresinut
612 2162 685 2222 erat,
708 2149 796 2212 etiam
812 2149 842 2210 in
853 2148 1051 2230 hemicyclum
1064 2167 1073 2209 t
1093 2163 1183 2230 atque
1198 2151 1242 2214 ita

118 2233 359 2308 exaedificatum,
382 2249 415 2295 ut
431 2235 570 2313 porticus
587 2231 724 2306 efficeret,
746 2236 945 2317 undecunque
965 2248 1109 2318 patentes,
1133 2251 1163 2298 et
1190 2255 1245 2312 coz

121 2324 234 2388 lumnis
255 2320 326 2382 hinc
348 2333 378 2381 et
400 2318 471 2382 inde
494 2321 657 2383 ornatiores
685 2319 787 2396 laetas,
810 2323 842 2384 in
868 2339 941 2402 quas
962 2319 1091 2403 populus
1115 2318 1142 2383 se
1165 2324 1243 2386 reci·

120 2423 219 2496 peret,
243 2405 266 2469 st
293 2405 417 2488 quando
440 2409 560 2491 propter
587 2405 708 2483 imbres,
740 2423 792 2470 aut
819 2406 892 2470 coeli
912 2405 1125 2490 tempestatem„
1144 2411 1243 2474 minus

118 2493 328 2569 commodam,
366 2491 432 2574 ludi
461 2492 725 2576 interpellarentur.
783 2497 857 2557 Eam
893 2491 998 2556 theatri
1023 2508 1135 2576 partem
1152 2496 1244 2559 Prae·

117 2581 270 2650 cintiioner
284 2577 400 2659 uidetur
411 2575 561 2662 'appellare
575 2579 729 2644 Vitruvius
743 2597 751 2634 2
775 2580 897 2658 Plinius,
912 2577 1062 2642 Parietem
1085 2579 1247 2662 circumjete

115 2685 191 2737 rum.
235 2666 294 2730 Sed
321 2664 476 2730 inferiores
495 2682 525 2730 et
554 2669 605 2732 imi
621 2666 738 2731 ‘theatri
763 2670 893 2750 porticus
912 2667 1044 2748 duplices
1065 2683 1160 2740 erant,
1183 2666 1248 2734 mess

120 2759 236 2841 disque
248 2751 340 2836 spatia
350 2752 404 2816 sub
417 2755 489 2816 divo
503 2757 578 2818 inter
599 2756 741 2838 porticus,
763 2753 904 2818 viridibus
919 2753 1147 2829 adornabantur,
1164 2756 1247 2838 quod

121 2843 239 2926 (iuquit
249 2842 415 2922 Vitruvius)
431 2837 621 2924 Hypaethros
637 2839 839 2904 ambulationes
851 2841 990 2904 haberent
1005 2860 1143 2925 maguam
1169 2841 1247 2906 salu·
1275 2884 1279 2891 -

121 2933 275 2996 briratem.
333 2928 538 3011 Reptebantur
567 2947 704 3011 quoque,
726 2927 847 2990 auslore
870 2929 974 3004 Plinio,
996 2927 1071 2990 flore
1094 2932 1172 2991 croci
1192 2929 1247 3010 syl·

123 3017 243 3092 vellris‚
266 3031 385 3098 propter
398 3014 806 3090 oct'tl'orumoblestationem,
827 3031 863 3077 ut
876 3029 960 3099 puto,
983 3017 1076 3097 magis
1100 3032 1187 3096 quam
1210 3013 1249 3078 ad

124 3107 249 3170 odorent
260 3101 487 3166 conciliandum.
531 3103 615 3182 Qin
638 3102 729 3164 etiam
752 3122 789 3164 ne
811 3099 879 3165 solis
893 3102 982 3164 ardor
995 3118 1047 3162 aut
1068 3101 1155 3164 etiam
1178 3123 1251 3166 con·

125 3190 246 3277 speslus
264 3189 410 3272 populum
426 3189 464 3250 ab
478 3182 577 3250 officio
596 3187 783 3254 deturbaret:
810 3204 905 3272 utque
918 3185 1063 3250 salubrius
1077 3187 1253 3268 speslatores

127 3275 334 3361 conspicerent
348 3277 429 3356 (nant
450 3279 578 3358 porticus
601 3289 720 3358 propter
743 3275 852 3338 imbres
876 3290 991 3338 tantum
1013 3274 1179 3338 aedificatae
1199 3276 1214 3338 s
1234 3314 1274 3340 ..

127 3368 232 3448 erum)
250 3365 422 3448 excogitata
449 3357 518 3424 sunt
533 3357 603 3425 Vela
625 3375 690 3423 toto
704 3359 838 3437 Theatra,
860 3379 951 3445 atque
973 3361 1049 3423 ideo
1073 3359 1127 3448 ipfi
1145 3365 1252 3427 theatri

129 3467 242 3518 caveae
250 3446 425 3534 supertensa‚
446 3467 524 3531 quae
542 3443 756 3528 speslatotibus
770 3451 906 3511 umbram
920 3447 1074 3511 facerent:
1094 3449 1176 3530 quod
1189 3451 1252 3528 pri·

128 3561 202 3608 mus
212 3539 348 3602 omnium
361 3536 472 3600 invertit
483 3538 523 3614 Q
539 3535 673 3608 Catulus,
693 3553 762 3596 cum
777 3536 959 3618 Capitolium
972 3533 1133 3597 dedicaret.
1178 3538 1254 3599 car-

128 3623 235 3694 banna
264 3623 371 3686 deinde
398 3625 462 3685 uela
485 3622 596 3702 primus
617 3625 649 3682 itt
665 3621 803 3684 Theatro
828 3619 941 3685 duxille
970 3620 1093 3684 traditur
1111 3622 1256 3684 Lentulus

130 3713 289 3796 Spinther,
311 3708 534 3793 Apollinaribus
549 3705 648 3770 ludis:
671 3725 745 3770 mox
761 3705 817 3784 (ait
843 3709 968 3789 Plinius)
983 3709 1088 3770 Caesar
1106 3707 1259 3786 Distator,

128 3817 238 3865 totum
260 3797 359 3860 sorum
377 3800 546 3860 Romanum
571 3793 688 3857 intexit.
742 3797 825 3855 Nero
847 3795 951 3857 Caesar
976 3795 1059 3869 velis,
1083 3793 1259 3860 rudentibus

133 3885 323 3970 superstratis
341 3899 371 3946 et
385 3878 572 3946 colorecoeli
597 3879 701 3943 stellati
715 3880 967 3960 amphitheatrum
982 3883 1125 3953 contexit,
1152 3897 1185 3942 ut
1214 3880 1229 3942 s
1247 3914 1260 3930 ·

132 3977 199 4039 lem
215 3969 418 4042 defenderent.
463 3973 527 4032 lma
537 3966 648 4031 theatri
659 3963 739 4030 sedes
754 3966 799 4028 r'el
810 3969 912 4051 potius
920 3968 951 4030 id
976 3967 1102 4049 spatium
1119 3966 1201 4048 quod
1221 3967 1264 4050 ab,

132 4065 202 4127 ima
223 4057 288 4122 sede
310 4057 416 4122 theatri
441 4053 634 4136 interjacebat
666 4054 793 4136 pulpito,
819 4051 915 4116 Orcla
939 4077 974 4117 ra
993 4055 1156 4125 dicebatur,
1178 4052 1264 4135 quast

134 4147 327 4223 saltatorum,
350 4143 433 4226 quod
445 4142 506 4205 illic
524 4140 606 4223 apud
619 4143 749 4203 Graecos
774 4156 803 4201 et
823 4141 903 4224 apud
919 4142 1049 4202 Latinos·
1068 4141 1265 4221 antiquiores,
1298 4137 1302 4145 '

137 4234 283 4299 saltantes
308 4227 461 4295 histriones
484 4229 598 4312 populo
624 4226 853 4294 obleslationen‘r
880 4225 1029 4297 affarent,
1052 4226 1161 4288 interea
1190 4228 1267 4289 dum

136 4321 508 4388 astuscommntarentur.
552 4317 588 4377 In
607 4333 673 4378 eam
696 4316 784 4376 etiam
809 4313 987 4396 Thpmelici,
1013 4315 1071 4374 ltoc
1085 4309 1136 4388 est,
1162 4312 1272 4380 Cithae

133 4410 239 4490 sistat,
262 4404 444 4486 Citharosdi,
466 4401 621 4472 Tibiciues
635 4399 700 4560 lappa
714 4398 896 4483 praestabant
911 4397 1124 4488 adiono'ipfi's
1136 4399 1273 4476 Graecis,
1295 4396 1309 4488 J

299 4497 305 4510 ’
342 4543 345 4546 .
463 4551 465 4554 ,
697 4506 721 4559 a
802 4532 809 4542 .
1173 4500 1267 4570 atque
