3250 5259
356 515 427 592 nn
452 515 751 634 vasensium
777 464 1006 598 turannio.

160 725 215 788 De
233 738 268 784 ea
283 735 376 802 quam
389 716 468 778 varie
487 711 698 794 existimatum,
711 713 747 778 sit
768 738 785 780 a
808 718 905 783 doslis
918 723 998 795 viris,
1021 743 1078 786 non
1100 702 1246 808 ignorant,

121 809 182 892 qui
205 808 305 872 inhoc
331 823 437 888 genere
456 803 619 866 litteratum
648 801 750 865 versati
775 803 842 868 sunt
870 809 1046 874 accuratius.
1094 817 1172 875 Nam
1199 814 1248 876 alii
1319 829 1324 840 ·
1366 818 1368 827 ’

121 894 242 978 regiam
255 893 352 954 vocari
368 906 524 972 putarunt,
539 889 621 972 quod
635 889 673 951 ab
684 891 801 972 re‘gibus
816 909 880 955 orta
904 895 981 971 esset,
1010 914 1045 958 ut
1067 895 1138 978 leges
1152 899 1248 980 regias

123 984 252 1056 Livius,
269 981 385 1051 Cicero,
408 977 518 1059 aliique
532 993 782 1039 commemorant:
806 981 854 1042 alii
866 983 1072 1045 intellexeruut
1094 1005 1167 1058 eam,
1187 1005 1249 1068 qua

123 1067 186 1132 sub
204 1063 373 1150 primordiis
386 1063 469 1126 urbis
485 1067 598 1126 Romae
613 1064 745 1144 populus
763 1068 894 1131 Romulo
918 1067 1065 1133 summam
1080 1072 1250 1154 regiamque

125 1153 307 1239 potestatem
323 1147 463 1234 permisit,
478 1166 511 1210 ut
525 1151 688 1227 Manutius,
714 1153 863 1232 Cuiacius,
880 1159 1099 1227 Hotomannus,
1117 1160 1247 1240 aliique:

124 1244 180 1305 alii
195 1263 213 1304 e
227 1241 292 1324 lege
303 1236 490 1301 decemvirali
505 1239 675 1318 repetivere,
692 1240 858 1321 quaeregio
872 1240 987 1324 imperio
1000 1245 1068 1306 duos
1081 1243 1129 1328 effe
1142 1248 1249 1308 volue-

124 1329 180 1404 rit,
194 1347 332 1410 quaeque
347 1323 470 1409 poteslas
484 1323 629 1386 aduobus
644 1325 681 1385 ad
693 1344 785 1388 uuum
802 1329 936 1389 transsata
952 1329 1007 1390 sit:
1033 1331 1113 1392 aliia
1130 1333 1249 1394 Sullana

121 1415 335 1479 dominatione
349 1427 378 1474 et
392 1411 456 1494 lege
471 1407 585 1474 Valeria
601 1409 778 1489 derivarunt,
805 1418 925 1494 quaein
941 1414 1075 1491 Caesare,
1100 1417 1248 1502 Augusto,
1265 1434 1270 1448 ·

124 1498 294 1583 ceterisque
307 1497 464 1562 instaurata
478 1497 563 1586 esset:
596 1497 644 1559 alii
660 1498 697 1560 ab
712 1501 849 1581 Augusto
862 1500 1061 1576 subornatum,
1088 1507 1139 1586 qui
1162 1507 1269 1569 talem·

124 1592 229 1674 legem
244 1588 355 1651 ferret:
389 1585 436 1648 alii
461 1581 515 1650 sub
532 1582 707 1666 Vespafiano
731 1586 851 1648 demum
876 1588 966 1650 latam
987 1589 1167 1658 statuerunt:
1201 1594 1252 1656 alii

123 1679 219 1761 plane
235 1673 365 1758 ignorari
378 1673 458 1734 illam
474 1673 579 1756 legem,
618 1671 752 1754 nihilque
775 1693 812 1736 ex
826 1695 860 1736 ea
874 1690 987 1756 praeter
1001 1697 1109 1739 nomen
1125 1680 1250 1742 restaret

121 1765 177 1827 alii
193 1763 326 1844 denique
347 1774 439 1822 totam
454 1781 517 1822 rem
538 1758 780 1838 commentitiam,
805 1776 836 1822 et
861 1781 975 1824 merum
1001 1763 1063 1827 line
1090 1785 1253 1830 re'nomen

121 1849 184 1916 esse
209 1850 305 1931 legem
319 1845 430 1928 regiam
447 1861 591 1926 putavere.
674 1845 678 1850 '

175 1939 269 2016 Quae
282 1935 382 1997 omnia
395 1929 464 1994 salsa
478 1931 544 2006 else,
567 1931 646 1994 reste
661 1929 803 1995 iudicavit
819 1932 884 1996 'vir'
899 1930 1031 1998 summus
1046 1941 1071 2000 I.
1097 1933 1148 1999 Fr.
1167 1941 1252 2001 Gro-

128 2027 245 2087 novius
255 2026 286 2084 in
297 2025 351 2084 Or.
364 2020 401 2082 de
415 2019 479 2102 lege
493 2020 586 2103 Regia
596 2021 645 2082 ed.
666 2019 767 2100 Lugd.
780 2018 848 2085 Bae.
866 2015 954 2101 1678,
969 2037 998 2084 et
1008 2026 1130 2086 meliora
1139 2026 1251 2088 docuit.
1264 2050 1268 2060 ‘

127 2113 268 2176 Primum
293 2111 384 2192 igitur
412 2105 581 2183 tenendum,
608 2127 668 2170 uon
692 2127 754 2168 utto
775 2107 942 2191 eodemque
964 2125 1097 2193 tempore
1118 2108 1254 2194 scriptam

128 2196 218 2262 fuisse
233 2197 329 2280 legem
344 2195 404 2256 hoc
414 2196 540 2269 nomme,
556 2208 586 2256 et
600 2195 657 2256 hac
669 2191 807 2268 formula,
833 2215 912 2277 quae
925 2196 983 2259 iam
994 2212 1061 2259 tum
1075 2195 1158 2279 'regia
1172 2201 1255 2263 dice-

128 2301 228 2361 retur,
244 2303 303 2366 qua
317 2281 448 2364 populus
460 2299 548 2342 omne
561 2281 608 2343 ius
620 2277 717 2354 suum,
734 2281 952 2365 imperiumque
964 2281 1110 2347 summum
1125 2287 1155 2346 ln
1171 2281 1255 2368 prin.

129 2375 233 2455 cipem
249 2367 435 2440 transtulerit,
456 2365 642 2450 minimeque
656 2367 795 2429 omnium·
809 2369 896 2429 initio
908 2367 1064 2433 conversae
1076 2373 1255 2453 reipublicae

132 2459 297 2524 Romanae
310 2455 341 2520 in
363 2453 576 2529 monarchiam,
601 2473 662 2535 quo
679 2454 755 2515 adeo
767 2451 893 2536 inrisum
907 2455 1005 2517 adhuc
1020 2477 1127 2520 nomen
1142 2463 1266 2544 regium

133 2561 209 2622 erat,
221 2561 257 2607 ut
271 2543 305 2622 id
317 2539 371 2605 fibi
387 2541 476 2604 tribui
491 2541 573 2602 nullo
587 2541 679 2603 modo
693 2554 861 2621 paterentur
875 2542 1031 2624 principes,
1047 2542 1144 2627 regiae
1157 2546 1254 2628 potes.
1343 2618 1346 2628 y

132 2636 206 2696 tatis
220 2629 292 2698 alias
302 2628 534 2713 appetentisfimi,
552 2642 641 2709 atque
655 2629 744 2690 etiam
755 2628 916 2710 potentiam
932 2627 1013 2692 suam
1028 2632 1175 2697 occultare
1188 2642 1269 2697 ver-'⁸

129 2720 179 2786 bis
194 2715 341 2802 fastisque
352 2713 475 2779 mirifice
487 2714 653 2778 studebant.

179 2807 243 2871 Sed
257 2805 308 2868 illo
318 2799 381 2888 ipso
393 2817 489 2880 tamen
506 2819 639 2884 tempore
655 2822 701 2864 res
721 2799 874 2882 paullatim
894 2804 993 2886 coepit
1006 2804 1147 2887 obrepere
1168 2807 1256 2891 igno·

133 2894 277 2960 rantibus
291 2891 472 2964 hominibus,
498 2889 592 2954 donec
606 2911 642 2952 eo
655 2889 794 2960 crevisset,
809 2889 851 2949 ita
867 2885 978 2952 adsueti
994 2893 1082 2953 esseut
1104 2896 1129 2954 ei
1148 2898 1187 2957 rei
1204 2899 1258 2958 bo·

134 2985 246 3054 mines,
262 2979 369 3041 utiam
384 2996 444 3038 non
458 2991 637 3051 vererentur,
653 2978 679 3038 ei
695 2977 735 3037 rei
751 2975 823 3056 legis
838 2975 935 3056 regiae
958 2994 1066 3041 nomen
1081 2983 1232 3060 imponere
1247 3001 1256 3044 τ

137 3064 311 3156 praesertim
320 3084 391 3127 cum
405 3065 520 3146 regium
529 3083 639 3126 nomen
651 3061 760 3124 invidia
776 3061 825 3122 sua
842 3062 994 3143 paullatim
1008 3064 1165 3128 liberatum
1180 3069 1263 3143 esset,¹

137 3157 235 3238 idque
249 3153 334 3216 variis
362 3152 392 3214 in
420 3152 508 3214 rebus
532 3150 624 3232 vulgo
647 3148 707 3211 fine
732 3145 896 3210 offensione
908 3150 1065 3224 diceretur,
1102 3153 1265 3239 informe,-

139 3241 229 3328 quod
245 3240 316 3304 olim
333 3235 506 3300 Censorium
520 3237 701 3319 appellatum
715 3229 793 3305 esset,
819 3234 850 3296 in
875 3235 950 3298 hmo
967 3237 1119 3322 principis,
1144 3257 1173 3301 et
1191 3239 1260 3304 sex·

141 3329 241 3396 centis
258 3327 334 3402 aliis,
355 3345 430 3406 quae
441 3321 607 3406 frequentia
621 3319 688 3384 satis
707 3322 785 3402 apud
810 3317 964 3404 scriptores
992 3325 1124 3406 inprimis
1137 3328 1216 3390 tertii
1230 3341 1269 3392 et.

141 3415 248 3504 quarti
267 3411 367 3486 seculi,
398 3407 595 3492 historiaeque
618 3407 768 3492 Augustae
795 3407 939 3484 auslores,
965 3430 1134 3490 occurrunt,
1161 3429 1195 3475 ut
1215 3416 1264 3477 vel
1301 3470 1307 3478 .

142 3504 260 3570 Lexica
282 3501 400 3562 docent.
440 3497 560 3558 Gradus
574 3493 660 3578 ipsos,
684 3516 735 3578 per
757 3513 835 3576 quos
849 3493 899 3555 illa
912 3497 961 3558 lex
976 3501 1054 3578 regia
1067 3518 1142 3577 orta,
1160 3502 1262 3562 brevi-

143 3607 191 3656 ter
216 3588 306 3652 tradit
326 3586 499 3648 Gronovius
522 3603 583 3666 ap.
598 3600 650 3666 47.
668 3616 678 3629 ·
694 3599 745 3665 75.
766 3578 909 3662 facileque
934 3605 951 3644 e
980 3586 1119 3659 Suetonii,
1145 3587 1263 3662 Diouis,

144 3677 262 3750 Taciti,
283 3671 470 3751 aliorumque
492 3671 582 3747 locis,
603 3665 740 3752 cognosci
768 3683 919 3748 poterunt,
946 3670 1057 3752 quibus
1085 3673 1212 3754 honores
1233 3691 1265 3738 et

139 3768 223 3838 iura,
238 3757 358 3824 diversus
373 3757 557 3842 temporibus
570 3756 686 3820 decreta
697 3756 734 3815 C.
752 3751 878 3828 caesari,
898 3756 1044 3839 Augusto,
1067 3761 1194 3824 Tiberio
1207 3778 1276 3829 eto·

138 3853 422 3920 commemorantur.
930 3846 935 3856 ’

188 3939 271 4001 Haec
292 3931 438 3996 verissume
462 3951 479 3992 e
502 3928 660 3994 Gronovio
674 3923 827 4008 disputari,
850 3945 942 3989 nemo
960 3929 1071 3994 inficias
1095 3932 1190 3996 iverit.
1217 3932 1267 3998 sed

144 4024 205 4090 ubi
220 4025 258 4086 ad
277 4019 350 4084 illud
369 4017 465 4100 ipsum
477 4030 713 4087 monumentum,
728 4011 811 4093 quod
832 4014 871 4076 ab
883 4011 970 4076 initio
984 4017 1200 4100 proposuimus,
1216 4022 1269 4085 de·

145 4114 257 4187 fertur,
274 4127 334 4171 non
354 4109 435 4168 omni
449 4125 487 4166 ex
514 4119 597 4188 parte
613 4098 778 4165 satisfecisse
802 4100 899 4162 virum
915 4121 1053 4188 magnum
1067 4108 1167 4183 nobis,
1187 4106 1272 4171 sate·

149 4219 234 4264 mur.
277 4189 350 4258 Non
364 4191 482 4255 dubitat
496 4194 635 4274 primum,
652 4189 710 4250 hoc
723 4185 777 4248 else
792 4189 963 4268 exemplum
984 4191 1095 4254 illustre
1109 4192 1268 4277 potellatis,

146 4288 219 4374 plus
235 4295 325 4369 quarn
340 4279 444 4360 civile,
460 4294 550 4364 atque
564 4274 623 4362 ipsa
638 4273 790 4441 distatqria
804 4275 929 4354 maioris,
944 4276 1089 4362 similique
1104 4281 1195 4345 modo
1206 4301 1272 4350 om·

774 4374 792 4422 2
1183 4367 1271 4437 nibus
