<?xml version="1.0" encoding="UTF-8"?>
<!DOCTYPE html PUBLIC "-//W3C//DTD XHTML 1.0 Transitional//EN"
    "http://www.w3.org/TR/xhtml1/DTD/xhtml1-transitional.dtd">
<html xmlns="http://www.w3.org/1999/xhtml" xml:lang="en" lang="en">
 <head>
  <title>
</title>
<meta http-equiv="Content-Type" content="text/html;charset=utf-8" />
  <meta name='ocr-system' content='tesseract 3.04.00' />
  <meta name='ocr-capabilities' content='ocr_page ocr_carea ocr_par ocr_line ocrx_word'/>
</head>
<body>
  <div class='ocr_page' id='page_1' title='image "./tractatusvariil00crevgoog_0137.png"; bbox 0 0 3250 5259; ppageno 0'>
   <div class='ocr_carea' id='block_1_1' title="bbox 284 513 1188 646">
    <p class='ocr_par' dir='ltr' id='par_1_1' title="bbox 284 513 1188 646">
     <span class='ocr_line' id='line_1_1' title="bbox 284 513 1188 646; baseline 0.021 -41"><span class='ocrx_word' id='word_1_1' title='bbox 284 513 452 613; x_wconf 74' lang='lat' dir='ltr'><em>nbrin</em></span> <span class='ocrx_word' id='word_1_2' title='bbox 471 541 545 614; x_wconf 81' lang='lat' dir='ltr'><em>nn</em></span> <span class='ocrx_word' id='word_1_3' title='bbox 570 519 666 616; x_wconf 75' lang='lat' dir='ltr'><em>Lm.</em></span> <span class='ocrx_word' id='word_1_4' title='bbox 686 519 764 616; x_wconf 76' lang='lat' dir='ltr'><em>&#39;nn</em></span> <span class='ocrx_word' id='word_1_5' title='bbox 782 525 919 621; x_wconf 59' lang='lat' dir='ltr'><em>&#39;uorat</em></span> <span class='ocrx_word' id='word_1_6' title='bbox 949 525 1188 646; x_wconf 68' lang='lat' dir='ltr'><em>centina.</em></span> 
     </span>
    </p>
   </div>
   <div class='ocr_carea' id='block_1_2' title="bbox 87 713 1378 2804">
    <p class='ocr_par' dir='ltr' id='par_1_2' title="bbox 87 713 1378 2298">
     <span class='ocr_line' id='line_1_2' title="bbox 162 713 1294 838; baseline 0.01 -45"><span class='ocrx_word' id='word_1_7' title='bbox 162 729 449 838; x_wconf 60' lang='lat' dir='ltr'><em>herminei&#39;ingenui</em></span> <span class='ocrx_word' id='word_1_8' title='bbox 464 736 494 800; x_wconf 75' lang='grc' dir='ltr'><em>δι</em></span> <span class='ocrx_word' id='word_1_9' title='bbox 507 735 568 804; x_wconf 90' lang='lat' dir='ltr'><em>suae</em></span> <span class='ocrx_word' id='word_1_10' title='bbox 584 745 691 806; x_wconf 82' lang='lat' dir='ltr'><em>mentis</em></span> <span class='ocrx_word' id='word_1_11' title='bbox 705 727 871 827; x_wconf 81' lang='lat' dir='ltr'><em>computes,</em></span> <span class='ocrx_word' id='word_1_12' title='bbox 895 743 923 808; x_wconf 90' lang='lat' dir='ltr'><em>se</em></span> <span class='ocrx_word' id='word_1_13' title='bbox 936 745 989 830; x_wconf 78' lang='lat' dir='ltr'><em>ipsi</em></span> <span class='ocrx_word' id='word_1_14' title='bbox 1003 713 1173 822; x_wconf 83' lang='lat' dir='ltr'><em>venderent,</em></span> <span class='ocrx_word' id='word_1_15' title='bbox 1195 749 1223 811; x_wconf 75' lang='grc' dir='ltr'><em>δε</em></span> <span class='ocrx_word' id='word_1_16' title='bbox 1237 750 1294 814; x_wconf 81' lang='lat' dir='ltr'><em>ser.</em></span> 
     </span>
     <span class='ocr_line' id='line_1_3' title="bbox 160 827 1294 916; baseline 0.019 -35"><span class='ocrx_word' id='word_1_17' title='bbox 160 836 257 885; x_wconf 74' lang='lat' dir='ltr'><em>vrtuti</em></span> <span class='ocrx_word' id='word_1_18' title='bbox 281 829 498 911; x_wconf 75' lang='lat' dir='ltr'><em>manciparent.‘</em></span> <span class='ocrx_word' id='word_1_19' title='bbox 541 827 615 911; x_wconf 82' lang='lat' dir='ltr'><em>Qui</em></span> <span class='ocrx_word' id='word_1_20' title='bbox 629 830 668 893; x_wconf 89' lang='lat' dir='ltr'><em>de</em></span> <span class='ocrx_word' id='word_1_21' title='bbox 693 853 725 894; x_wconf 88' lang='lat' dir='ltr'><em>re</em></span> <span class='ocrx_word' id='word_1_22' title='bbox 739 833 816 894; x_wconf 87' lang='lat' dir='ltr'><em>inter</em></span> <span class='ocrx_word' id='word_1_23' title='bbox 841 849 952 897; x_wconf 85' lang='lat' dir='ltr'><em>veteres</em></span> <span class='ocrx_word' id='word_1_24' title='bbox 971 833 1135 916; x_wconf 62' lang='lat' dir='ltr'><em>Poenulus,</em></span> <span class='ocrx_word' id='word_1_25' title='bbox 1158 834 1294 902; x_wconf 85' lang='lat' dir='ltr'><em>solemnis</em></span> 
     </span>
     <span class='ocr_line' id='line_1_4' title="bbox 129 907 1295 1003; baseline 0.015 -33"><span class='ocrx_word' id='word_1_26' title='bbox 129 907 206 977; x_wconf 38' lang='lat' dir='ltr'><em>,esi</em></span> <span class='ocrx_word' id='word_1_27' title='bbox 234 913 377 978; x_wconf 80' lang='lat' dir='ltr'><em>Formula</em></span> <span class='ocrx_word' id='word_1_28' title='bbox 405 918 462 979; x_wconf 89' lang='lat' dir='ltr'><em>IX.</em></span> <span class='ocrx_word' id='word_1_29' title='bbox 506 913 647 979; x_wconf 80' lang='lat' dir='ltr'><em>venditio</em></span> <span class='ocrx_word' id='word_1_30' title='bbox 670 917 709 982; x_wconf 91' lang='lat' dir='ltr'><em>de</em></span> <span class='ocrx_word' id='word_1_31' title='bbox 732 914 905 1001; x_wconf 87' lang='lat' dir='ltr'><em>semetipso:</em></span> <span class='ocrx_word' id='word_1_32' title='bbox 942 941 985 1003; x_wconf 91' lang='lat' dir='ltr'><em>qu</em></span> <span class='ocrx_word' id='word_1_33' title='bbox 1016 937 1071 984; x_wconf 84' lang='lat' dir='ltr'><em>tter</em></span> <span class='ocrx_word' id='word_1_34' title='bbox 1099 921 1192 986; x_wconf 89' lang='lat' dir='ltr'><em>homo</em></span> <span class='ocrx_word' id='word_1_35' title='bbox 1219 925 1295 989; x_wconf 90' lang='lat' dir='ltr'><em>liber</em></span> 
     </span>
     <span class='ocr_line' id='line_1_5' title="bbox 160 999 1378 1090; baseline 0.012 -30"><span class='ocrx_word' id='word_1_36' title='bbox 160 1001 374 1066; x_wconf 82' lang='lat' dir='ltr'><strong>venumdetur.</strong></span> <span class='ocrx_word' id='word_1_37' title='bbox 419 999 544 1064; x_wconf 85' lang='lat' dir='ltr'><em>Domino</em></span> <span class='ocrx_word' id='word_1_38' title='bbox 560 1003 674 1090; x_wconf 81' lang='lat' dir='ltr'><em>semper</em></span> <span class='ocrx_word' id='word_1_39' title='bbox 713 1028 769 1067; x_wconf 92' lang='lat' dir='ltr'><em>meo</em></span> <span class='ocrx_word' id='word_1_40' title='bbox 799 1005 835 1067; x_wconf 85' lang='lat' dir='ltr'><em>ill</em></span> <span class='ocrx_word' id='word_1_41' title='bbox 874 1003 919 1070; x_wconf 90' lang='lat' dir='ltr'><em>N.</em></span> <span class='ocrx_word' id='word_1_42' title='bbox 983 1031 1019 1090; x_wconf 88' lang='lat' dir='ltr'><em>go</em></span> <span class='ocrx_word' id='word_1_43' title='bbox 1046 1007 1093 1070; x_wconf 82' lang='lat' dir='ltr'><em>ille</em></span> <span class='ocrx_word' id='word_1_44' title='bbox 1107 1011 1150 1071; x_wconf 87' lang='lat' dir='ltr'><em>N.</em></span> <span class='ocrx_word' id='word_1_45' title='bbox 1175 1007 1299 1074; x_wconf 78' lang='lat' dir='ltr'><em>Placuit</em></span> <span class='ocrx_word' id='word_1_46' title='bbox 1372 1011 1378 1026; x_wconf 90' lang='grc'><em>’</em></span> 
     </span>
     <span class='ocr_line' id='line_1_6' title="bbox 159 1086 1287 1176; baseline 0.004 -23"><span class='ocrx_word' id='word_1_47' title='bbox 159 1087 247 1164; x_wconf 78' lang='lat' dir='ltr'><em>mibi,</em></span> <span class='ocrx_word' id='word_1_48' title='bbox 280 1088 445 1176; x_wconf 69' lang='lat' dir='ltr'><em>ut&#39;staiunr</em></span> <span class='ocrx_word' id='word_1_49' title='bbox 469 1086 658 1168; x_wconf 80' lang='lat' dir='ltr'><em>ingenuitatis</em></span> <span class='ocrx_word' id='word_1_50' title='bbox 684 1112 752 1154; x_wconf 78' lang='lat' dir='ltr'><em>mea</em></span> <span class='ocrx_word' id='word_1_51' title='bbox 777 1092 808 1155; x_wconf 92' lang='lat' dir='ltr'><em>in</em></span> <span class='ocrx_word' id='word_1_52' title='bbox 834 1094 959 1176; x_wconf 81' lang='lat' dir='ltr'><em>vestrum</em></span> <span class='ocrx_word' id='word_1_53' title='bbox 987 1096 1112 1156; x_wconf 82' lang='lat' dir='ltr'><em>deberem</em></span> <span class='ocrx_word' id='word_1_54' title='bbox 1136 1095 1287 1158; x_wconf 78' lang='lat' dir='ltr'><em>obnoxiare</em></span> 
     </span>
     <span class='ocr_line' id='line_1_7' title="bbox 145 1172 1293 1265; baseline 0.003 -24"><span class='ocrx_word' id='word_1_55' title='bbox 145 1173 322 1265; x_wconf 76' lang='lat' dir='ltr'><em>struitiuotr.</em></span> <span class='ocrx_word' id='word_1_56' title='bbox 366 1173 458 1261; x_wconf 57' lang='lat' dir='ltr'><em>‚Quod</em></span> <span class='ocrx_word' id='word_1_57' title='bbox 482 1172 526 1234; x_wconf 89' lang='lat' dir='ltr'><em>ita</em></span> <span class='ocrx_word' id='word_1_58' title='bbox 551 1176 588 1239; x_wconf 57' lang='grc' dir='ltr'>ὅ</span> <span class='ocrx_word' id='word_1_59' title='bbox 605 1177 682 1262; x_wconf 85' lang='lat' dir='ltr'><em>feci.</em></span> <span class='ocrx_word' id='word_1_60' title='bbox 728 1176 809 1240; x_wconf 84' lang='lat' dir='ltr'><em>Unde</em></span> <span class='ocrx_word' id='word_1_61' title='bbox 837 1179 960 1262; x_wconf 84' lang='lat' dir='ltr'><em>accepia</em></span> <span class='ocrx_word' id='word_1_62' title='bbox 977 1195 1004 1243; x_wconf 81' lang='lat' dir='ltr'><em>ie</em></span> <span class='ocrx_word' id='word_1_63' title='bbox 1010 1179 1149 1264; x_wconf 88' lang='lat' dir='ltr'><em>pretium,</em></span> <span class='ocrx_word' id='word_1_64' title='bbox 1174 1181 1205 1242; x_wconf 91' lang='lat' dir='ltr'><em>in</em></span> <span class='ocrx_word' id='word_1_65' title='bbox 1220 1184 1293 1264; x_wconf 89' lang='lat' dir='ltr'><em>quod</em></span> 
     </span>
     <span class='ocr_line' id='line_1_8' title="bbox 158 1259 1293 1349; baseline 0.002 -22"><span class='ocrx_word' id='word_1_66' title='bbox 158 1263 236 1327; x_wconf 89' lang='lat' dir='ltr'><em>mibi</em></span> <span class='ocrx_word' id='word_1_67' title='bbox 256 1265 323 1329; x_wconf 89' lang='lat' dir='ltr'><em>bene</em></span> <span class='ocrx_word' id='word_1_68' title='bbox 335 1259 511 1346; x_wconf 85' lang='lat' dir='ltr'><em>complacuit,</em></span> <span class='ocrx_word' id='word_1_69' title='bbox 522 1259 626 1346; x_wconf 84' lang='lat' dir='ltr'><em>solidos</em></span> <span class='ocrx_word' id='word_1_70' title='bbox 651 1276 743 1325; x_wconf 87' lang='lat' dir='ltr'><em>tantos</em></span> <span class='ocrx_word' id='word_1_71' title='bbox 756 1287 766 1338; x_wconf 70' lang='lat' dir='ltr'><em>a</em></span> <span class='ocrx_word' id='word_1_72' title='bbox 789 1264 834 1327; x_wconf 89' lang='lat' dir='ltr'><em>ito</em></span> <span class='ocrx_word' id='word_1_73' title='bbox 848 1279 881 1326; x_wconf 82' lang='lat' dir='ltr'><em>ue</em></span> <span class='ocrx_word' id='word_1_74' title='bbox 894 1265 931 1325; x_wconf 92' lang='lat' dir='ltr'><em>ab</em></span> <span class='ocrx_word' id='word_1_75' title='bbox 946 1263 1082 1332; x_wconf 80' lang='lat' dir='ltr'><em>hodierni</em></span> <span class='ocrx_word' id='word_1_76' title='bbox 1098 1267 1143 1329; x_wconf 87' lang='lat' dir='ltr'><em>die</em></span> <span class='ocrx_word' id='word_1_77' title='bbox 1158 1267 1293 1349; x_wconf 85' lang='lat' dir='ltr'><em>quicquid</em></span> 
     </span>
     <span class='ocr_line' id='line_1_9' title="bbox 157 1346 1291 1435; baseline 0.004 -27"><span class='ocrx_word' id='word_1_78' title='bbox 157 1352 195 1414; x_wconf 81' lang='lat' dir='ltr'><em>do</em></span> <span class='ocrx_word' id='word_1_79' title='bbox 209 1373 253 1414; x_wconf 82' lang='lat' dir='ltr'><em>mo</em></span> <span class='ocrx_word' id='word_1_80' title='bbox 261 1353 351 1431; x_wconf 83' lang='lat' dir='ltr'><em>sorno</em></span> <span class='ocrx_word' id='word_1_81' title='bbox 377 1361 435 1421; x_wconf 89' lang='lat' dir='ltr'><em>tuo,</em></span> <span class='ocrx_word' id='word_1_82' title='bbox 447 1346 526 1430; x_wconf 76' lang='lat' dir='ltr'><em>ficut</em></span> <span class='ocrx_word' id='word_1_83' title='bbox 539 1350 573 1410; x_wconf 89' lang='lat' dir='ltr'><em>de</em></span> <span class='ocrx_word' id='word_1_84' title='bbox 586 1347 698 1431; x_wconf 85' lang='lat' dir='ltr'><em>reliqua</em></span> <span class='ocrx_word' id='word_1_85' title='bbox 711 1349 855 1434; x_wconf 75' lang='lat' dir='ltr'><em>mancipia</em></span> <span class='ocrx_word' id='word_1_86' title='bbox 868 1364 920 1413; x_wconf 86' lang='lat' dir='ltr'><em>tua</em></span> <span class='ocrx_word' id='word_1_87' title='bbox 944 1353 954 1430; x_wconf 73' lang='lat' dir='ltr'><em>l</em></span> <span class='ocrx_word' id='word_1_88' title='bbox 962 1349 1090 1418; x_wconf 77' lang='lat' dir='ltr'><em>Barbare</em></span> <span class='ocrx_word' id='word_1_89' title='bbox 1104 1353 1220 1416; x_wconf 71' lang='lat' dir='ltr'><em>dictum</em></span> <span class='ocrx_word' id='word_1_90' title='bbox 1236 1374 1291 1435; x_wconf 87' lang='lat' dir='ltr'><em>pro</em></span> 
     </span>
     <span class='ocr_line' id='line_1_10' title="bbox 157 1431 1290 1527; baseline 0.002 -27"><span class='ocrx_word' id='word_1_91' title='bbox 157 1440 195 1501; x_wconf 87' lang='lat' dir='ltr'><em>de</em></span> <span class='ocrx_word' id='word_1_92' title='bbox 218 1435 336 1520; x_wconf 87' lang='lat' dir='ltr'><em>reliquis</em></span> <span class='ocrx_word' id='word_1_93' title='bbox 360 1431 512 1516; x_wconf 82' lang='lat' dir='ltr'><em>mancipiis</em></span> <span class='ocrx_word' id='word_1_94' title='bbox 537 1433 609 1518; x_wconf 82' lang='lat' dir='ltr'><em>ruis)</em></span> <span class='ocrx_word' id='word_1_95' title='bbox 631 1436 737 1520; x_wconf 81' lang='lat' dir='ltr'><em>sertore</em></span> <span class='ocrx_word' id='word_1_96' title='bbox 763 1435 901 1516; x_wconf 88' lang='lat' dir='ltr'><em>uolueris,</em></span> <span class='ocrx_word' id='word_1_97' title='bbox 926 1440 1004 1501; x_wconf 86' lang='lat' dir='ltr'><em>odie</em></span> <span class='ocrx_word' id='word_1_98' title='bbox 1023 1439 1157 1527; x_wconf 82' lang='lat' dir='ltr'><em>prasente</em></span> <span class='ocrx_word' id='word_1_99' title='bbox 1171 1439 1290 1508; x_wconf 84' lang='lat' dir='ltr'><em>liberam</em></span> 
     </span>
     <span class='ocr_line' id='line_1_11' title="bbox 157 1518 1291 1612; baseline 0.001 -26"><span class='ocrx_word' id='word_1_100' title='bbox 157 1520 266 1588; x_wconf 83' lang='lat' dir='ltr'><em>babeas</em></span> <span class='ocrx_word' id='word_1_101' title='bbox 285 1525 459 1609; x_wconf 81' lang='lat' dir='ltr'><em>potestatem.</em></span> <span class='ocrx_word' id='word_1_102' title='bbox 505 1518 549 1582; x_wconf 82' lang='lat' dir='ltr'><em>Et</em></span> <span class='ocrx_word' id='word_1_103' title='bbox 572 1521 646 1604; x_wconf 86' lang='lat' dir='ltr'><em>quod</em></span> <span class='ocrx_word' id='word_1_104' title='bbox 655 1521 729 1604; x_wconf 87' lang='lat' dir='ltr'><em>fieri</em></span> <span class='ocrx_word' id='word_1_105' title='bbox 748 1544 802 1585; x_wconf 91' lang='lat' dir='ltr'><em>non</em></span> <span class='ocrx_word' id='word_1_106' title='bbox 822 1523 911 1598; x_wconf 86' lang='lat' dir='ltr'><em>credo,</em></span> <span class='ocrx_word' id='word_1_107' title='bbox 924 1523 957 1606; x_wconf 83' lang='lat' dir='ltr'><em>fi</em></span> <span class='ocrx_word' id='word_1_108' title='bbox 965 1525 1067 1612; x_wconf 82' lang='lat' dir='ltr'><em>suerit</em></span> <span class='ocrx_word' id='word_1_109' title='bbox 1092 1526 1150 1588; x_wconf 87' lang='lat' dir='ltr'><em>ulla</em></span> <span class='ocrx_word' id='word_1_110' title='bbox 1164 1526 1291 1612; x_wconf 74' lang='lat' dir='ltr'><em>quislibet</em></span> 
     </span>
     <span class='ocr_line' id='line_1_12' title="bbox 151 1604 1287 1698; baseline -0.001 -24"><span class='ocrx_word' id='word_1_111' title='bbox 151 1612 274 1698; x_wconf 72' lang='lat' dir='ltr'><em>perstrna</em></span> <span class='ocrx_word' id='word_1_112' title='bbox 284 1612 335 1694; x_wconf 88' lang='lat' dir='ltr'><em>qui</em></span> <span class='ocrx_word' id='word_1_113' title='bbox 344 1622 443 1672; x_wconf 87' lang='lat' dir='ltr'><em>contra</em></span> <span class='ocrx_word' id='word_1_114' title='bbox 457 1604 529 1668; x_wconf 86' lang='lat' dir='ltr'><em>banc</em></span> <span class='ocrx_word' id='word_1_115' title='bbox 542 1607 742 1684; x_wconf 87' lang='lat' dir='ltr'><em>venditionem,</em></span> <span class='ocrx_word' id='word_1_116' title='bbox 765 1631 849 1690; x_wconf 88' lang='lat' dir='ltr'><em>quam</em></span> <span class='ocrx_word' id='word_1_117' title='bbox 872 1632 918 1690; x_wconf 79' lang='lat' dir='ltr'><em>ego</em></span> <span class='ocrx_word' id='word_1_118' title='bbox 941 1611 1002 1674; x_wconf 83' lang='lat' dir='ltr'><em>med</em></span> <span class='ocrx_word' id='word_1_119' title='bbox 1015 1610 1173 1696; x_wconf 77' lang='lat' dir='ltr'><em>spontanea⁴</em></span> <span class='ocrx_word' id='word_1_120' title='bbox 1184 1611 1287 1675; x_wconf 87' lang='lat' dir='ltr'><em>uolun-</em></span> 
     </span>
     <span class='ocr_line' id='line_1_13' title="bbox 158 1691 1287 1781; baseline 0 -21"><span class='ocrx_word' id='word_1_121' title='bbox 158 1695 302 1780; x_wconf 79' lang='lat' dir='ltr'><em>tatefieri</em></span> <span class='ocrx_word' id='word_1_122' title='bbox 308 1693 421 1776; x_wconf 77' lang='lat' dir='ltr'><em>rogaui,</em></span> <span class='ocrx_word' id='word_1_123' title='bbox 444 1692 497 1778; x_wconf 87' lang='lat' dir='ltr'><em>qui</em></span> <span class='ocrx_word' id='word_1_124' title='bbox 510 1706 681 1755; x_wconf 83' lang='lat' dir='ltr'><em>contraeunt</em></span> <span class='ocrx_word' id='word_1_125' title='bbox 694 1691 808 1776; x_wconf 88' lang='lat' dir='ltr'><em>aliquid</em></span> <span class='ocrx_word' id='word_1_126' title='bbox 817 1717 902 1776; x_wconf 89' lang='lat' dir='ltr'><em>agere</em></span> <span class='ocrx_word' id='word_1_127' title='bbox 916 1697 951 1757; x_wconf 68' lang='lat' dir='ltr'><em>Ed</em></span> <span class='ocrx_word' id='word_1_128' title='bbox 966 1695 1135 1758; x_wconf 84' lang='lat' dir='ltr'><em>calumniam</em></span> <span class='ocrx_word' id='word_1_129' title='bbox 1143 1719 1287 1781; x_wconf 87' lang='lat' dir='ltr'><em>generare</em></span> 
     </span>
     <span class='ocr_line' id='line_1_14' title="bbox 155 1780 1292 1864; baseline -0.001 -18"><span class='ocrx_word' id='word_1_130' title='bbox 155 1783 320 1858; x_wconf 85' lang='lat' dir='ltr'><em>conaverit,</em></span> <span class='ocrx_word' id='word_1_131' title='bbox 341 1781 423 1864; x_wconf 78' lang='lat' dir='ltr'><em>illud,</em></span> <span class='ocrx_word' id='word_1_132' title='bbox 444 1780 519 1863; x_wconf 86' lang='lat' dir='ltr'><em>quod</em></span> <span class='ocrx_word' id='word_1_133' title='bbox 529 1780 641 1861; x_wconf 85' lang='lat' dir='ltr'><em>repetit,</em></span> <span class='ocrx_word' id='word_1_134' title='bbox 664 1800 717 1841; x_wconf 90' lang='lat' dir='ltr'><em>non</em></span> <span class='ocrx_word' id='word_1_135' title='bbox 732 1781 869 1852; x_wconf 88' lang='lat' dir='ltr'><em>uindicet,</em></span> <span class='ocrx_word' id='word_1_136' title='bbox 893 1781 928 1845; x_wconf 53' lang='grc' dir='ltr'>ὃ</span> <span class='ocrx_word' id='word_1_137' title='bbox 943 1781 1042 1846; x_wconf 78' lang='lat' dir='ltr'><em>contri</em></span> <span class='ocrx_word' id='word_1_138' title='bbox 1056 1782 1104 1845; x_wconf 83' lang='lat' dir='ltr'><em>cui</em></span> <span class='ocrx_word' id='word_1_139' title='bbox 1116 1783 1193 1846; x_wconf 85' lang='lat' dir='ltr'><em>litem</em></span> <span class='ocrx_word' id='word_1_140' title='bbox 1204 1783 1292 1845; x_wconf 84' lang='lat' dir='ltr'><em>intu··</em></span> 
     </span>
     <span class='ocr_line' id='line_1_15' title="bbox 87 1864 1291 1952; baseline 0.002 -22"><span class='ocrx_word' id='word_1_141' title='bbox 87 1874 88 1877; x_wconf 73' lang='grc'>’</span> <span class='ocrx_word' id='word_1_142' title='bbox 155 1869 238 1945; x_wconf 83' lang='lat' dir='ltr'><em>ierit,</em></span> <span class='ocrx_word' id='word_1_143' title='bbox 259 1870 330 1933; x_wconf 87' lang='lat' dir='ltr'><em>auri</em></span> <span class='ocrx_word' id='word_1_144' title='bbox 342 1867 418 1931; x_wconf 87' lang='lat' dir='ltr'><em>libro</em></span> <span class='ocrx_word' id='word_1_145' title='bbox 433 1889 504 1942; x_wconf 88' lang='lat' dir='ltr'><em>una,</em></span> <span class='ocrx_word' id='word_1_146' title='bbox 527 1864 736 1948; x_wconf 80' lang='lat' dir='ltr'><em>argentipondo</em></span> <span class='ocrx_word' id='word_1_147' title='bbox 750 1865 873 1948; x_wconf 88' lang='lat' dir='ltr'><em>quinque</em></span> <span class='ocrx_word' id='word_1_148' title='bbox 887 1878 995 1931; x_wconf 74' lang='lat' dir='ltr'><em>coruus</em></span> <span class='ocrx_word' id='word_1_149' title='bbox 1010 1868 1153 1952; x_wconf 59' lang='lat' dir='ltr'><em>exsoluam</em></span> <span class='ocrx_word' id='word_1_150' title='bbox 1178 1869 1212 1930; x_wconf 68' lang='lat' dir='ltr'><em>ln·</em></span> <span class='ocrx_word' id='word_1_151' title='bbox 1227 1867 1291 1932; x_wconf 78' lang='lat' dir='ltr'><em>bae</em></span> 
     </span>
     <span class='ocr_line' id='line_1_16' title="bbox 156 1951 1288 2042; baseline 0.003 -26"><span class='ocrx_word' id='word_1_152' title='bbox 156 1951 288 2017; x_wconf 82' lang='lat' dir='ltr'><em>venditio</em></span> <span class='ocrx_word' id='word_1_153' title='bbox 288 1955 383 2042; x_wconf 75' lang='lat' dir='ltr'><em>firma</em></span> <span class='ocrx_word' id='word_1_154' title='bbox 392 1964 568 2038; x_wconf 76' lang='lat' dir='ltr'><em>permaneat.</em></span> <span class='ocrx_word' id='word_1_155' title='bbox 611 1955 691 2014; x_wconf 82' lang='lat' dir='ltr'><em>Duae</em></span> <span class='ocrx_word' id='word_1_156' title='bbox 709 1973 815 2034; x_wconf 82' lang='lat' dir='ltr'><em>nempe</em></span> <span class='ocrx_word' id='word_1_157' title='bbox 831 1951 895 2017; x_wconf 87' lang='lat' dir='ltr'><em>lunt</em></span> <span class='ocrx_word' id='word_1_158' title='bbox 908 1976 953 2020; x_wconf 87' lang='lat' dir='ltr'><em>res</em></span> <span class='ocrx_word' id='word_1_159' title='bbox 966 1955 1046 2038; x_wconf 85' lang='lat' dir='ltr'><em>apud</em></span> <span class='ocrx_word' id='word_1_160' title='bbox 1061 1954 1198 2019; x_wconf 86' lang='lat' dir='ltr'><em>homines</em></span> <span class='ocrx_word' id='word_1_161' title='bbox 1214 1954 1288 2018; x_wconf 81' lang='lat' dir='ltr'><em>vali·</em></span> 
     </span>
     <span class='ocr_line' id='line_1_17' title="bbox 153 2035 1296 2118; baseline 0.003 -15"><span class='ocrx_word' id='word_1_162' title='bbox 153 2041 293 2116; x_wconf 85' lang='lat' dir='ltr'><em>diffimae,</em></span> <span class='ocrx_word' id='word_1_163' title='bbox 325 2041 421 2104; x_wconf 90' lang='lat' dir='ltr'><em>libido</em></span> <span class='ocrx_word' id='word_1_164' title='bbox 441 2035 472 2099; x_wconf 77' lang='lat' dir='ltr'><em>dt</em></span> <span class='ocrx_word' id='word_1_165' title='bbox 492 2037 650 2104; x_wconf 84' lang='lat' dir='ltr'><em>necetiitas.</em></span> <span class='ocrx_word' id='word_1_166' title='bbox 693 2042 736 2101; x_wconf 91' lang='lat' dir='ltr'><em>Ut</em></span> <span class='ocrx_word' id='word_1_167' title='bbox 760 2039 877 2104; x_wconf 79' lang='lat' dir='ltr'><em>libidini</em></span> <span class='ocrx_word' id='word_1_168' title='bbox 902 2040 1097 2118; x_wconf 87' lang='lat' dir='ltr'><em>consulerent,</em></span> <span class='ocrx_word' id='word_1_169' title='bbox 1120 2041 1296 2107; x_wconf 81' lang='lat' dir='ltr'><em>servitutem</em></span> 
     </span>
     <span class='ocr_line' id='line_1_18' title="bbox 155 2126 1292 2216; baseline 0.003 -25"><span class='ocrx_word' id='word_1_170' title='bbox 155 2147 219 2192; x_wconf 93' lang='lat' dir='ltr'><em>non</em></span> <span class='ocrx_word' id='word_1_171' title='bbox 245 2126 479 2192; x_wconf 81' lang='lat' dir='ltr'><em>reformidabant</em></span> <span class='ocrx_word' id='word_1_172' title='bbox 501 2128 655 2189; x_wconf 83' lang='lat' dir='ltr'><em>Germani.</em></span> <span class='ocrx_word' id='word_1_173' title='bbox 700 2129 819 2210; x_wconf 85' lang='lat' dir='ltr'><em>Sponte</em></span> <span class='ocrx_word' id='word_1_174' title='bbox 838 2149 961 2213; x_wconf 87' lang='lat' dir='ltr'><em>quoque</em></span> <span class='ocrx_word' id='word_1_175' title='bbox 985 2130 1063 2194; x_wconf 88' lang='lat' dir='ltr'><em>illam</em></span> <span class='ocrx_word' id='word_1_176' title='bbox 1086 2129 1220 2216; x_wconf 81' lang='lat' dir='ltr'><em>adibant,</em></span> <span class='ocrx_word' id='word_1_177' title='bbox 1250 2129 1292 2194; x_wconf 65' lang='lat' dir='ltr'><em>ue*</em></span> 
     </span>
     <span class='ocr_line' id='line_1_19' title="bbox 153 2211 653 2298; baseline -0.008 -20"><span class='ocrx_word' id='word_1_178' title='bbox 153 2215 240 2298; x_wconf 89' lang='lat' dir='ltr'><em>inopi</em></span> <span class='ocrx_word' id='word_1_179' title='bbox 251 2215 406 2281; x_wconf 85' lang='lat' dir='ltr'><em>neceffitati</em></span> <span class='ocrx_word' id='word_1_180' title='bbox 421 2211 653 2278; x_wconf 83' lang='lat' dir='ltr'><em>succumberent.</em></span> 
     </span>
    </p>

    <p class='ocr_par' dir='ltr' id='par_1_3' title="bbox 139 2297 1377 2804">
     <span class='ocr_line' id='line_1_20' title="bbox 198 2297 1290 2388; baseline 0.003 -24"><span class='ocrx_word' id='word_1_181' title='bbox 198 2301 301 2364; x_wconf 81' lang='lat' dir='ltr'><em>Fidem</em></span> <span class='ocrx_word' id='word_1_182' title='bbox 314 2314 428 2368; x_wconf 83' lang='lat' dir='ltr'><em>uocant.</em></span> <span class='ocrx_word' id='word_1_183' title='bbox 470 2303 544 2367; x_wconf 81' lang='lat' dir='ltr'><em>Haec</em></span> <span class='ocrx_word' id='word_1_184' title='bbox 556 2297 598 2360; x_wconf 88' lang='lat' dir='ltr'><em>est</em></span> <span class='ocrx_word' id='word_1_185' title='bbox 610 2301 692 2375; x_wconf 85' lang='lat' dir='ltr'><em>fides,</em></span> <span class='ocrx_word' id='word_1_186' title='bbox 716 2302 778 2383; x_wconf 83' lang='lat' dir='ltr'><em>qui</em></span> <span class='ocrx_word' id='word_1_187' title='bbox 801 2298 917 2386; x_wconf 85' lang='lat' dir='ltr'><em>semper</em></span> <span class='ocrx_word' id='word_1_188' title='bbox 931 2305 1038 2388; x_wconf 85' lang='lat' dir='ltr'><em>viguit,</em></span> <span class='ocrx_word' id='word_1_189' title='bbox 1053 2301 1223 2386; x_wconf 82' lang='lat' dir='ltr'><em>semperque</em></span> <span class='ocrx_word' id='word_1_190' title='bbox 1236 2305 1290 2367; x_wconf 56' lang='lat' dir='ltr'><em>vta</em></span> 
     </span>
     <span class='ocr_line' id='line_1_21' title="bbox 151 2385 1285 2476; baseline 0.001 -24"><span class='ocrx_word' id='word_1_191' title='bbox 151 2391 239 2476; x_wconf 77' lang='lat' dir='ltr'><em>gebit</em></span> <span class='ocrx_word' id='word_1_192' title='bbox 251 2390 325 2456; x_wconf 87' lang='lat' dir='ltr'><em>alea.</em></span> <span class='ocrx_word' id='word_1_193' title='bbox 370 2385 448 2450; x_wconf 67' lang='lat' dir='ltr'><em>Vere</em></span> <span class='ocrx_word' id='word_1_194' title='bbox 461 2389 543 2451; x_wconf 86' lang='lat' dir='ltr'><em>enim</em></span> <span class='ocrx_word' id='word_1_195' title='bbox 559 2389 600 2450; x_wconf 91' lang='lat' dir='ltr'><em>D.</em></span> <span class='ocrx_word' id='word_1_196' title='bbox 616 2386 788 2452; x_wconf 68' lang='lat' dir='ltr'><em>Ambrosius</em></span> <span class='ocrx_word' id='word_1_197' title='bbox 811 2389 870 2452; x_wconf 88' lang='lat' dir='ltr'><em>loc.</em></span> <span class='ocrx_word' id='word_1_198' title='bbox 886 2393 937 2452; x_wconf 87' lang='lat' dir='ltr'><em>cit.</em></span> <span class='ocrx_word' id='word_1_199' title='bbox 975 2389 1076 2454; x_wconf 82' lang='lat' dir='ltr'><em>Habet</em></span> <span class='ocrx_word' id='word_1_200' title='bbox 1098 2391 1133 2452; x_wconf 81' lang='lat'><em>&amp;</em></span> <span class='ocrx_word' id='word_1_201' title='bbox 1144 2389 1285 2472; x_wconf 77' lang='lat' dir='ltr'><em>aleafiear</em></span> 
     </span>
     <span class='ocr_line' id='line_1_22' title="bbox 153 2471 1338 2577; baseline -0.002 -36"><span class='ocrx_word' id='word_1_202' title='bbox 153 2478 238 2560; x_wconf 82' lang='lat' dir='ltr'><em>leges,</em></span> <span class='ocrx_word' id='word_1_203' title='bbox 260 2474 404 2562; x_wconf 84' lang='lat' dir='ltr'><em>quassari</em></span> <span class='ocrx_word' id='word_1_204' title='bbox 407 2475 485 2558; x_wconf 87' lang='lat' dir='ltr'><em>jura</em></span> <span class='ocrx_word' id='word_1_205' title='bbox 498 2471 683 2558; x_wconf 83' lang='lat' dir='ltr'><em>nonsolvant.</em></span> <span class='ocrx_word' id='word_1_206' title='bbox 729 2471 862 2538; x_wconf 72' lang='lat' dir='ltr'><em>liberatur</em></span> <span class='ocrx_word' id='word_1_207' title='bbox 884 2475 924 2557; x_wconf 80' lang='lat' dir='ltr'><em>(st</em></span> <span class='ocrx_word' id='word_1_208' title='bbox 934 2477 1012 2538; x_wconf 88' lang='lat' dir='ltr'><em>credi</em></span> <span class='ocrx_word' id='word_1_209' title='bbox 1021 2475 1108 2560; x_wconf 84' lang='lat' dir='ltr'><em>potest</em></span> <span class='ocrx_word' id='word_1_210' title='bbox 1108 2477 1125 2557; x_wconf 76' lang='lat' dir='ltr'><em>p</em></span> <span class='ocrx_word' id='word_1_211' title='bbox 1148 2475 1284 2577; x_wconf 62' lang='lat' dir='ltr'><em>irffamiei,</em></span> <span class='ocrx_word' id='word_1_212' title='bbox 1331 2502 1338 2522; x_wconf 84' lang='lat'><strong>·</strong></span> 
     </span>
     <span class='ocr_line' id='line_1_23' title="bbox 151 2557 1338 2647; baseline -0.003 -22"><span class='ocrx_word' id='word_1_213' title='bbox 151 2564 206 2647; x_wconf 84' lang='lat' dir='ltr'><em>qui</em></span> <span class='ocrx_word' id='word_1_214' title='bbox 214 2563 372 2646; x_wconf 84' lang='lat' dir='ltr'><em>putauerit</em></span> <span class='ocrx_word' id='word_1_215' title='bbox 386 2560 572 2640; x_wconf 74' lang='lat' dir='ltr'><em>renitendum,</em></span> <span class='ocrx_word' id='word_1_216' title='bbox 596 2562 631 2622; x_wconf 62' lang='grc' dir='ltr'><em>δ’</em></span> <span class='ocrx_word' id='word_1_217' title='bbox 646 2557 948 2647; x_wconf 80' lang='lat' dir='ltr'><em>infaniumsententia</em></span> <span class='ocrx_word' id='word_1_218' title='bbox 960 2560 1097 2642; x_wconf 81' lang='lat' dir='ltr'><em>grauius,</em></span> <span class='ocrx_word' id='word_1_219' title='bbox 1119 2581 1203 2644; x_wconf 85' lang='lat' dir='ltr'><em>quant</em></span> <span class='ocrx_word' id='word_1_220' title='bbox 1216 2583 1282 2622; x_wconf 87' lang='lat' dir='ltr'><em>cen·</em></span> <span class='ocrx_word' id='word_1_221' title='bbox 1330 2573 1338 2586; x_wconf 74' lang='lat'><em>¹</em></span> 
     </span>
     <span class='ocr_line' id='line_1_24' title="bbox 139 2645 1289 2734; baseline -0.002 -22"><span class='ocrx_word' id='word_1_222' title='bbox 139 2650 222 2734; x_wconf 75' lang='lat' dir='ltr'><em>stira</em></span> <span class='ocrx_word' id='word_1_223' title='bbox 238 2647 390 2730; x_wconf 69' lang='lat' dir='ltr'><em>judio-iotis</em></span> <span class='ocrx_word' id='word_1_224' title='bbox 412 2645 507 2708; x_wconf 84' lang='lat' dir='ltr'><em>inurit</em></span> <span class='ocrx_word' id='word_1_225' title='bbox 528 2647 715 2731; x_wconf 86' lang='lat' dir='ltr'><em>opprobrium.</em></span> <span class='ocrx_word' id='word_1_226' title='bbox 760 2649 844 2710; x_wconf 83' lang='lat' dir='ltr'><em>Hanc</em></span> <span class='ocrx_word' id='word_1_227' title='bbox 868 2647 960 2711; x_wconf 88' lang='lat' dir='ltr'><em>fidem</em></span> <span class='ocrx_word' id='word_1_228' title='bbox 975 2651 1154 2726; x_wconf 84' lang='lat' dir='ltr'><em>retinemus;</em></span> <span class='ocrx_word' id='word_1_229' title='bbox 1176 2646 1289 2711; x_wconf 78' lang='lat' dir='ltr'><em>&amp;inde</em></span> 
     </span>
     <span class='ocr_line' id='line_1_25' title="bbox 151 2727 1377 2804; baseline -0.001 -1"><span class='ocrx_word' id='word_1_230' title='bbox 151 2737 240 2804; x_wconf 85' lang='lat' dir='ltr'><em>nobis</em></span> <span class='ocrx_word' id='word_1_231' title='bbox 253 2735 293 2798; x_wconf 85' lang='lat' dir='ltr'><em>les</em></span> <span class='ocrx_word' id='word_1_232' title='bbox 306 2735 394 2798; x_wconf 86' lang='lat' dir='ltr'><em>dettet</em></span> <span class='ocrx_word' id='word_1_233' title='bbox 408 2731 579 2800; x_wconf 83' lang='lat' dir='ltr'><em>d’bonneur.</em></span> <span class='ocrx_word' id='word_1_234' title='bbox 1284 2762 1288 2774; x_wconf 89' lang='lat'><strong>·</strong></span> <span class='ocrx_word' id='word_1_235' title='bbox 1374 2727 1377 2738; x_wconf 61' lang='grc'><em>’</em></span> 
     </span>
    </p>
   </div>
   <div class='ocr_carea' id='block_1_3' title="bbox 153 2901 1287 3081">
    <p class='ocr_par' dir='ltr' id='par_1_4' title="bbox 153 2901 1287 3081">
     <span class='ocr_line' id='line_1_26' title="bbox 194 2901 1283 2991; baseline -0.002 -20"><span class='ocrx_word' id='word_1_236' title='bbox 194 2910 280 2971; x_wconf 73' lang='lat' dir='ltr'><em>Cre.</em></span> <span class='ocrx_word' id='word_1_237' title='bbox 303 2904 408 2970; x_wconf 74' lang='lat' dir='ltr'><em>XXV:</em></span> <span class='ocrx_word' id='word_1_238' title='bbox 426 2901 491 2966; x_wconf 87' lang='lat' dir='ltr'><em>Per</em></span> <span class='ocrx_word' id='word_1_239' title='bbox 490 2903 642 2989; x_wconf 87' lang='lat' dir='ltr'><em>familiam</em></span> <span class='ocrx_word' id='word_1_240' title='bbox 656 2906 831 2991; x_wconf 63' lang='lat' dir='ltr'><em>minsteriis·</em></span> <span class='ocrx_word' id='word_1_241' title='bbox 873 2907 980 2972; x_wconf 86' lang='lat' dir='ltr'><em>Videre</em></span> <span class='ocrx_word' id='word_1_242' title='bbox 995 2907 1061 2972; x_wconf 84' lang='lat' dir='ltr'><em>licet</em></span> <span class='ocrx_word' id='word_1_243' title='bbox 1076 2908 1184 2973; x_wconf 85' lang='lat' dir='ltr'><em>Annas.</em></span> <span class='ocrx_word' id='word_1_244' title='bbox 1196 2909 1283 2983; x_wconf 82' lang='lat' dir='ltr'><em>xlv,</em></span> 
     </span>
     <span class='ocr_line' id='line_1_27' title="bbox 153 2992 1287 3081; baseline 0 -23"><span class='ocrx_word' id='word_1_245' title='bbox 153 3015 209 3081; x_wconf 82' lang='lat'><em>43.</em></span> <span class='ocrx_word' id='word_1_246' title='bbox 252 2994 417 3058; x_wconf 87' lang='lat' dir='ltr'><em>Pedanium</em></span> <span class='ocrx_word' id='word_1_247' title='bbox 445 2993 627 3067; x_wconf 85' lang='lat' dir='ltr'><em>Secundum,</em></span> <span class='ocrx_word' id='word_1_248' title='bbox 665 2996 772 3076; x_wconf 89' lang='lat' dir='ltr'><em>quiin</em></span> <span class='ocrx_word' id='word_1_249' title='bbox 800 2994 860 3058; x_wconf 77' lang='lat' dir='ltr'><em>uni</em></span> <span class='ocrx_word' id='word_1_250' title='bbox 886 2997 978 3059; x_wconf 88' lang='lat' dir='ltr'><em>domo</em></span> <span class='ocrx_word' id='word_1_251' title='bbox 1003 2992 1125 3078; x_wconf 76' lang='lat' dir='ltr'><em>ipsique</em></span> <span class='ocrx_word' id='word_1_252' title='bbox 1151 2996 1183 3058; x_wconf 90' lang='lat' dir='ltr'><em>in</em></span> <span class='ocrx_word' id='word_1_253' title='bbox 1198 2994 1287 3058; x_wconf 81' lang='lat' dir='ltr'><em>Urbe</em></span> 
     </span>
    </p>
   </div>
   <div class='ocr_carea' id='block_1_4' title="bbox 153 3077 1407 3164">
    <p class='ocr_par' dir='ltr' id='par_1_5' title="bbox 153 3077 1407 3164">
     <span class='ocr_line' id='line_1_28' title="bbox 153 3077 1407 3164; baseline -0.001 -20"><span class='ocrx_word' id='word_1_254' title='bbox 153 3081 390 3164; x_wconf 85' lang='lat' dir='ltr'><em>quadringentos</em></span> <span class='ocrx_word' id='word_1_255' title='bbox 405 3077 501 3142; x_wconf 81' lang='lat' dir='ltr'><em>servus</em></span> <span class='ocrx_word' id='word_1_256' title='bbox 513 3079 646 3144; x_wconf 85' lang='lat' dir='ltr'><em>haberet.</em></span> <span class='ocrx_word' id='word_1_257' title='bbox 691 3079 790 3143; x_wconf 84' lang='lat' dir='ltr'><em>Divisa</em></span> <span class='ocrx_word' id='word_1_258' title='bbox 812 3084 886 3144; x_wconf 86' lang='lat' dir='ltr'><em>inter</em></span> <span class='ocrx_word' id='word_1_259' title='bbox 901 3104 952 3146; x_wconf 87' lang='lat' dir='ltr'><em>eos</em></span> <span class='ocrx_word' id='word_1_260' title='bbox 968 3081 1138 3158; x_wconf 85' lang='lat' dir='ltr'><em>ministeria,</em></span> <span class='ocrx_word' id='word_1_261' title='bbox 1161 3090 1285 3164; x_wconf 82' lang='lat' dir='ltr'><em>aut&#39;pn-</em></span> <span class='ocrx_word' id='word_1_262' title='bbox 1402 3086 1407 3092; x_wconf 85' lang='grc'><strong>’</strong></span> 
     </span>
    </p>
   </div>
   <div class='ocr_carea' id='block_1_5' title="bbox 152 3163 1288 3339">
    <p class='ocr_par' dir='ltr' id='par_1_6' title="bbox 152 3163 1288 3339">
     <span class='ocr_line' id='line_1_29' title="bbox 155 3163 1287 3249; baseline -0.002 -17"><span class='ocrx_word' id='word_1_263' title='bbox 155 3166 218 3232; x_wconf 81' lang='lat' dir='ltr'><em>titis</em></span> <span class='ocrx_word' id='word_1_264' title='bbox 249 3167 476 3232; x_wconf 84' lang='lat' dir='ltr'><em>ministeriorum</em></span> <span class='ocrx_word' id='word_1_265' title='bbox 504 3169 633 3241; x_wconf 90' lang='lat' dir='ltr'><em>nomina,</em></span> <span class='ocrx_word' id='word_1_266' title='bbox 670 3187 740 3248; x_wconf 88' lang='lat' dir='ltr'><em>quae</em></span> <span class='ocrx_word' id='word_1_267' title='bbox 767 3170 866 3249; x_wconf 85' lang='lat' dir='ltr'><em>paffim</em></span> <span class='ocrx_word' id='word_1_268' title='bbox 882 3185 1045 3234; x_wconf 85' lang='lat' dir='ltr'><em>occurrunt</em></span> <span class='ocrx_word' id='word_1_269' title='bbox 1074 3172 1105 3231; x_wconf 89' lang='lat' dir='ltr'><em>in</em></span> <span class='ocrx_word' id='word_1_270' title='bbox 1131 3163 1287 3232; x_wconf 75' lang='lat' dir='ltr'><em>veteribue</em></span> 
     </span>
     <span class='ocr_line' id='line_1_30' title="bbox 152 3253 1288 3339; baseline -0.002 -19"><span class='ocrx_word' id='word_1_271' title='bbox 152 3255 409 3339; x_wconf 61' lang='lat' dir='ltr'><em>minutioribus,</em></span> <span class='ocrx_word' id='word_1_272' title='bbox 430 3271 467 3314; x_wconf 84' lang='lat' dir='ltr'><em>ac</em></span> <span class='ocrx_word' id='word_1_273' title='bbox 490 3253 618 3316; x_wconf 75' lang='lat' dir='ltr'><em>maxime</em></span> <span class='ocrx_word' id='word_1_274' title='bbox 641 3255 723 3337; x_wconf 87' lang='lat' dir='ltr'><em>apud</em></span> <span class='ocrx_word' id='word_1_275' title='bbox 744 3255 802 3317; x_wconf 85' lang='lat' dir='ltr'><em>cu.</em></span> <span class='ocrx_word' id='word_1_276' title='bbox 830 3255 969 3332; x_wconf 85' lang='lat' dir='ltr'><em>Piranesr,</em></span> <span class='ocrx_word' id='word_1_277' title='bbox 1002 3257 1088 3331; x_wconf 90' lang='lat' dir='ltr'><em>Gori,</em></span> <span class='ocrx_word' id='word_1_278' title='bbox 1119 3253 1288 3332; x_wconf 75' lang='lat' dir='ltr'><em>ceterosque</em></span> 
     </span>
    </p>
   </div>
   <div class='ocr_carea' id='block_1_6' title="bbox 153 3340 1439 3426">
    <p class='ocr_par' dir='ltr' id='par_1_7' title="bbox 153 3340 1439 3426">
     <span class='ocr_line' id='line_1_31' title="bbox 153 3340 1439 3426; baseline -0.002 -20"><span class='ocrx_word' id='word_1_279' title='bbox 153 3347 211 3426; x_wconf 88' lang='lat' dir='ltr'><em>qui</em></span> <span class='ocrx_word' id='word_1_280' title='bbox 228 3340 401 3426; x_wconf 83' lang='lat' dir='ltr'><em>sepulcralia</em></span> <span class='ocrx_word' id='word_1_281' title='bbox 415 3343 620 3404; x_wconf 83' lang='lat' dir='ltr'><em>Romanorum</em></span> <span class='ocrx_word' id='word_1_282' title='bbox 636 3349 828 3406; x_wconf 83' lang='lat' dir='ltr'><em>monumenta</em></span> <span class='ocrx_word' id='word_1_283' title='bbox 852 3343 1039 3407; x_wconf 85' lang='lat' dir='ltr'><em>illustravere.</em></span> <span class='ocrx_word' id='word_1_284' title='bbox 1086 3347 1158 3407; x_wconf 85' lang='lat' dir='ltr'><em>Haec</em></span> <span class='ocrx_word' id='word_1_285' title='bbox 1174 3341 1286 3405; x_wconf 77' lang='lat' dir='ltr'><em>familia</em></span> <span class='ocrx_word' id='word_1_286' title='bbox 1413 3407 1439 3422; x_wconf 31' lang='grc' dir='ltr'><em>ν,</em></span> 
     </span>
    </p>
   </div>
   <div class='ocr_carea' id='block_1_7' title="bbox 150 3426 1348 4299">
    <p class='ocr_par' dir='ltr' id='par_1_8' title="bbox 153 3426 1348 3670">
     <span class='ocr_line' id='line_1_32' title="bbox 153 3426 1348 3522; baseline -0.003 -26"><span class='ocrx_word' id='word_1_287' title='bbox 153 3433 283 3498; x_wconf 79' lang='lat' dir='ltr'><em>urbana.</em></span> <span class='ocrx_word' id='word_1_288' title='bbox 328 3431 398 3493; x_wconf 86' lang='lat' dir='ltr'><em>Alia</em></span> <span class='ocrx_word' id='word_1_289' title='bbox 417 3445 482 3492; x_wconf 83' lang='lat' dir='ltr'><em>erat</em></span> <span class='ocrx_word' id='word_1_290' title='bbox 510 3426 540 3490; x_wconf 83' lang='lat' dir='ltr'><em>in</em></span> <span class='ocrx_word' id='word_1_291' title='bbox 564 3429 645 3512; x_wconf 79' lang='lat' dir='ltr'><em>agris</em></span> <span class='ocrx_word' id='word_1_292' title='bbox 669 3427 779 3491; x_wconf 81' lang='lat' dir='ltr'><em>familia</em></span> <span class='ocrx_word' id='word_1_293' title='bbox 807 3429 931 3494; x_wconf 80' lang='lat' dir='ltr'><em>rullicaa</em></span> <span class='ocrx_word' id='word_1_294' title='bbox 965 3431 1007 3493; x_wconf 91' lang='lat' dir='ltr'><em>ibi</em></span> <span class='ocrx_word' id='word_1_295' title='bbox 1023 3449 1096 3492; x_wconf 82' lang='lat' dir='ltr'><em>novo</em></span> <span class='ocrx_word' id='word_1_296' title='bbox 1113 3427 1287 3504; x_wconf 79' lang='lat' dir='ltr'><em>ministeria,</em></span> <span class='ocrx_word' id='word_1_297' title='bbox 1341 3505 1348 3522; x_wconf 75' lang='lat'><em>.</em></span> 
     </span>
     <span class='ocr_line' id='line_1_33' title="bbox 153 3511 1288 3601; baseline -0.001 -20"><span class='ocrx_word' id='word_1_298' title='bbox 153 3539 238 3586; x_wconf 79' lang='lat' dir='ltr'><em>nura</em></span> <span class='ocrx_word' id='word_1_299' title='bbox 254 3520 394 3594; x_wconf 82' lang='lat' dir='ltr'><em>nomina;</em></span> <span class='ocrx_word' id='word_1_300' title='bbox 417 3517 449 3580; x_wconf 87' lang='lat' dir='ltr'><em>iu</em></span> <span class='ocrx_word' id='word_1_301' title='bbox 473 3511 582 3598; x_wconf 79' lang='lat' dir='ltr'><em>quibus</em></span> <span class='ocrx_word' id='word_1_302' title='bbox 607 3517 672 3599; x_wconf 82' lang='lat' dir='ltr'><em>pino</em></span> <span class='ocrx_word' id='word_1_303' title='bbox 696 3517 820 3599; x_wconf 89' lang='lat' dir='ltr'><em>quidem</em></span> <span class='ocrx_word' id='word_1_304' title='bbox 844 3517 993 3594; x_wconf 86' lang='lat' dir='ltr'><em>utilitatis,</em></span> <span class='ocrx_word' id='word_1_305' title='bbox 1013 3519 1175 3601; x_wconf 88' lang='lat' dir='ltr'><em>plurimum</em></span> <span class='ocrx_word' id='word_1_306' title='bbox 1191 3515 1288 3580; x_wconf 82' lang='lat' dir='ltr'><em>adhuc</em></span> 
     </span>
     <span class='ocr_line' id='line_1_34' title="bbox 153 3607 1247 3670; baseline -0.009 0"><span class='ocrx_word' id='word_1_307' title='bbox 153 3607 260 3670; x_wconf 76' lang='lat' dir='ltr'><em>luxtia.</em></span> <span class='ocrx_word' id='word_1_308' title='bbox 901 3633 903 3636; x_wconf 95' lang='lat'>·</span> <span class='ocrx_word' id='word_1_309' title='bbox 1182 3655 1185 3662; x_wconf 54' lang='lat'><em>.</em></span> <span class='ocrx_word' id='word_1_310' title='bbox 1243 3655 1247 3660; x_wconf 90' lang='lat'><em>.</em></span> 
     </span>
    </p>

    <p class='ocr_par' dir='ltr' id='par_1_9' title="bbox 150 3686 1286 4299">
     <span class='ocr_line' id='line_1_35' title="bbox 185 3686 1286 3782; baseline -0.005 -26"><span class='ocrx_word' id='word_1_311' title='bbox 185 3692 356 3769; x_wconf 67' lang='lat' dir='ltr'><em>¹Hati&#39;enus</em></span> <span class='ocrx_word' id='word_1_312' title='bbox 379 3705 479 3782; x_wconf 81' lang='lat' dir='ltr'><em>paret.</em></span> <span class='ocrx_word' id='word_1_313' title='bbox 534 3687 623 3752; x_wconf 75' lang='lat' dir='ltr'><em>Licit</em></span> <span class='ocrx_word' id='word_1_314' title='bbox 649 3688 750 3754; x_wconf 84' lang='lat' dir='ltr'><em>servus</em></span> <span class='ocrx_word' id='word_1_315' title='bbox 776 3689 857 3772; x_wconf 80' lang='lat' dir='ltr'><em>apud</em></span> <span class='ocrx_word' id='word_1_316' title='bbox 884 3691 1052 3754; x_wconf 74' lang='lat' dir='ltr'><em>Germanos</em></span> <span class='ocrx_word' id='word_1_317' title='bbox 1079 3686 1158 3752; x_wconf 87' lang='lat' dir='ltr'><em>suam</em></span> <span class='ocrx_word' id='word_1_318' title='bbox 1187 3687 1286 3753; x_wconf 83' lang='lat' dir='ltr'><em>sedem</em></span> 
     </span>
     <span class='ocr_line' id='line_1_36' title="bbox 153 3777 1285 3866; baseline -0.002 -26"><span class='ocrx_word' id='word_1_319' title='bbox 153 3777 280 3857; x_wconf 84' lang='lat' dir='ltr'><em>babeat,</em></span> <span class='ocrx_word' id='word_1_320' title='bbox 301 3782 370 3846; x_wconf 82' lang='lat' dir='ltr'><em>suot</em></span> <span class='ocrx_word' id='word_1_321' title='bbox 385 3791 504 3866; x_wconf 78' lang='lat' dir='ltr'><em>penates</em></span> <span class='ocrx_word' id='word_1_322' title='bbox 529 3791 623 3862; x_wconf 81' lang='lat' dir='ltr'><em>regat,</em></span> <span class='ocrx_word' id='word_1_323' title='bbox 645 3789 728 3861; x_wconf 85' lang='lat' dir='ltr'><em>paret</em></span> <span class='ocrx_word' id='word_1_324' title='bbox 743 3791 839 3839; x_wconf 87' lang='lat' dir='ltr'><em>tamen</em></span> <span class='ocrx_word' id='word_1_325' title='bbox 854 3778 989 3851; x_wconf 86' lang='lat' dir='ltr'><em>domino,</em></span> <span class='ocrx_word' id='word_1_326' title='bbox 1011 3796 1068 3839; x_wconf 86' lang='lat' dir='ltr'><em>nec</em></span> <span class='ocrx_word' id='word_1_327' title='bbox 1090 3778 1178 3841; x_wconf 86' lang='lat' dir='ltr'><em>habet</em></span> <span class='ocrx_word' id='word_1_328' title='bbox 1193 3777 1285 3840; x_wconf 85' lang='lat' dir='ltr'><em>liber-</em></span> 
     </span>
     <span class='ocr_line' id='line_1_37' title="bbox 153 3863 1285 3948; baseline -0.005 -19"><span class='ocrx_word' id='word_1_329' title='bbox 153 3880 274 3934; x_wconf 79' lang='lat' dir='ltr'><em>tatema</em></span> <span class='ocrx_word' id='word_1_330' title='bbox 296 3866 442 3936; x_wconf 77' lang='lat' dir='ltr'><em>bullenus</em></span> <span class='ocrx_word' id='word_1_331' title='bbox 465 3863 565 3929; x_wconf 79' lang='lat' dir='ltr'><em>servus</em></span> <span class='ocrx_word' id='word_1_332' title='bbox 585 3863 636 3928; x_wconf 84' lang='lat' dir='ltr'><em>est·</em></span> <span class='ocrx_word' id='word_1_333' title='bbox 679 3863 771 3929; x_wconf 80' lang='lat' dir='ltr'><em>Talea</em></span> <span class='ocrx_word' id='word_1_334' title='bbox 792 3863 877 3928; x_wconf 84' lang='lat' dir='ltr'><em>fuere</em></span> <span class='ocrx_word' id='word_1_335' title='bbox 896 3864 978 3948; x_wconf 85' lang='lat' dir='ltr'><em>apud</em></span> <span class='ocrx_word' id='word_1_336' title='bbox 993 3883 1047 3926; x_wconf 86' lang='lat' dir='ltr'><em>nos</em></span> <span class='ocrx_word' id='word_1_337' title='bbox 1066 3879 1135 3943; x_wconf 84' lang='lat' dir='ltr'><em>ante</em></span> <span class='ocrx_word' id='word_1_338' title='bbox 1154 3879 1285 3948; x_wconf 85' lang='lat' dir='ltr'><em>quatuor</em></span> 
     </span>
     <span class='ocr_line' id='line_1_38' title="bbox 150 3948 1283 4040; baseline -0.008 -20"><span class='ocrx_word' id='word_1_339' title='bbox 150 3955 277 4032; x_wconf 85' lang='lat' dir='ltr'><em>saecula,</em></span> <span class='ocrx_word' id='word_1_340' title='bbox 315 3975 393 4040; x_wconf 81' lang='lat' dir='ltr'><em>quoa</em></span> <span class='ocrx_word' id='word_1_341' title='bbox 419 3953 526 4023; x_wconf 78' lang='lat' dir='ltr'><em>servos,</em></span> <span class='ocrx_word' id='word_1_342' title='bbox 563 3951 602 4013; x_wconf 89' lang='lat' dir='ltr'><em>les</em></span> <span class='ocrx_word' id='word_1_343' title='bbox 631 3948 723 4026; x_wconf 79' lang='lat' dir='ltr'><em>Seefs,</em></span> <span class='ocrx_word' id='word_1_344' title='bbox 759 3951 939 4014; x_wconf 86' lang='lat' dir='ltr'><em>dicebamus.</em></span> <span class='ocrx_word' id='word_1_345' title='bbox 999 3949 1100 4013; x_wconf 84' lang='lat' dir='ltr'><em>Postea</em></span> <span class='ocrx_word' id='word_1_346' title='bbox 1127 3949 1283 4040; x_wconf 63' lang='lat' dir='ltr'><em>Germani,</em></span> 
     </span>
     <span class='ocr_line' id='line_1_39' title="bbox 152 4037 1285 4118; baseline -0.011 -9"><span class='ocrx_word' id='word_1_347' title='bbox 152 4049 312 4109; x_wconf 83' lang='lat' dir='ltr'><em>Romanoa</em></span> <span class='ocrx_word' id='word_1_348' title='bbox 333 4044 452 4118; x_wconf 83' lang='lat' dir='ltr'><em>imitati,</em></span> <span class='ocrx_word' id='word_1_349' title='bbox 474 4038 570 4104; x_wconf 79' lang='lat' dir='ltr'><em>servos</em></span> <span class='ocrx_word' id='word_1_350' title='bbox 585 4039 726 4117; x_wconf 83' lang='lat' dir='ltr'><em>habuere,</em></span> <span class='ocrx_word' id='word_1_351' title='bbox 748 4038 902 4102; x_wconf 84' lang='lat' dir='ltr'><em>deterioris</em></span> <span class='ocrx_word' id='word_1_352' title='bbox 923 4037 1121 4111; x_wconf 82' lang='lat' dir='ltr'><em>conditionis;</em></span> <span class='ocrx_word' id='word_1_353' title='bbox 1146 4053 1216 4101; x_wconf 87' lang='lat' dir='ltr'><em>tunc</em></span> <span class='ocrx_word' id='word_1_354' title='bbox 1230 4055 1285 4118; x_wconf 87' lang='lat' dir='ltr'><em>pe-</em></span> 
     </span>
     <span class='ocr_line' id='line_1_40' title="bbox 153 4119 1284 4206; baseline -0.014 -7"><span class='ocrx_word' id='word_1_355' title='bbox 153 4153 211 4199; x_wconf 83' lang='lat' dir='ltr'><em>nes</em></span> <span class='ocrx_word' id='word_1_356' title='bbox 226 4152 277 4195; x_wconf 82' lang='lat' dir='ltr'><em>eos</em></span> <span class='ocrx_word' id='word_1_357' title='bbox 289 4131 395 4198; x_wconf 80' lang='lat' dir='ltr'><em>mansit</em></span> <span class='ocrx_word' id='word_1_358' title='bbox 408 4131 558 4194; x_wconf 82' lang='lat' dir='ltr'><em>serrorum</em></span> <span class='ocrx_word' id='word_1_359' title='bbox 577 4145 695 4206; x_wconf 84' lang='lat' dir='ltr'><em>nomen.</em></span> <span class='ocrx_word' id='word_1_360' title='bbox 740 4121 823 4190; x_wconf 81' lang='lat' dir='ltr'><em>Serri</em></span> <span class='ocrx_word' id='word_1_361' title='bbox 838 4127 921 4203; x_wconf 82' lang='lat' dir='ltr'><em>verb,</em></span> <span class='ocrx_word' id='word_1_362' title='bbox 941 4141 974 4187; x_wconf 91' lang='lat' dir='ltr'><em>ut</em></span> <span class='ocrx_word' id='word_1_363' title='bbox 990 4128 1029 4188; x_wconf 87' lang='lat' dir='ltr'><em>ita</em></span> <span class='ocrx_word' id='word_1_364' title='bbox 1043 4123 1150 4198; x_wconf 83' lang='lat' dir='ltr'><em>dicam,</em></span> <span class='ocrx_word' id='word_1_365' title='bbox 1172 4119 1284 4196; x_wconf 88' lang='lat' dir='ltr'><em>coloni,</em></span> 
     </span>
     <span class='ocr_line' id='line_1_41' title="bbox 151 4205 1284 4299; baseline -0.011 -15"><span class='ocrx_word' id='word_1_366' title='bbox 151 4219 231 4284; x_wconf 76' lang='lat' dir='ltr'><em>dini</em></span> <span class='ocrx_word' id='word_1_367' title='bbox 246 4215 312 4286; x_wconf 85' lang='lat' dir='ltr'><em>sunt</em></span> <span class='ocrx_word' id='word_1_368' title='bbox 326 4219 407 4285; x_wconf 77' lang='lat' dir='ltr'><em>lidi.</em></span> <span class='ocrx_word' id='word_1_369' title='bbox 451 4218 519 4280; x_wconf 84' lang='lat' dir='ltr'><em>Hoc</em></span> <span class='ocrx_word' id='word_1_370' title='bbox 529 4212 678 4276; x_wconf 72' lang='lat' dir='ltr'><em>snruwm</em></span> <span class='ocrx_word' id='word_1_371' title='bbox 692 4210 844 4276; x_wconf 84' lang='lat' dir='ltr'><em>discrimen</em></span> <span class='ocrx_word' id='word_1_372' title='bbox 857 4231 938 4299; x_wconf 86' lang='lat' dir='ltr'><em>patet</em></span> <span class='ocrx_word' id='word_1_373' title='bbox 951 4233 989 4277; x_wconf 81' lang='lat' dir='ltr'><em>ox</em></span> <span class='ocrx_word' id='word_1_374' title='bbox 1004 4215 1086 4294; x_wconf 85' lang='lat' dir='ltr'><em>Lege</em></span> <span class='ocrx_word' id='word_1_375' title='bbox 1097 4205 1202 4288; x_wconf 75' lang='lat' dir='ltr'><em>salici,</em></span> <span class='ocrx_word' id='word_1_376' title='bbox 1214 4210 1284 4273; x_wconf 82' lang='lat' dir='ltr'><em>Tit.</em></span> 
     </span>
    </p>
   </div>
   <div class='ocr_carea' id='block_1_8' title="bbox 152 4297 1286 4470">
    <p class='ocr_par' dir='ltr' id='par_1_10' title="bbox 152 4297 1286 4470">
     <span class='ocr_line' id='line_1_42' title="bbox 152 4297 1286 4470; baseline -0.023 -94"><span class='ocrx_word' id='word_1_377' title='bbox 152 4307 260 4426; x_wconf 60' lang='lat' dir='ltr'><em>XXX.</em></span> <span class='ocrx_word' id='word_1_378' title='bbox 282 4309 366 4374; x_wconf 79' lang='lat' dir='ltr'><em>&amp;eit</em></span> <span class='ocrx_word' id='word_1_379' title='bbox 380 4309 464 4390; x_wconf 82' lang='lat' dir='ltr'><em>Lege</em></span> <span class='ocrx_word' id='word_1_380' title='bbox 478 4297 661 4380; x_wconf 72' lang='lat' dir='ltr'><em>Primnum,</em></span> <span class='ocrx_word' id='word_1_381' title='bbox 678 4301 751 4450; x_wconf 53' lang='lat' dir='ltr'><em>tihi</em></span> <span class='ocrx_word' id='word_1_382' title='bbox 766 4298 839 4364; x_wconf 86' lang='lat' dir='ltr'><em>XV.</em></span> <span class='ocrx_word' id='word_1_383' title='bbox 955 4357 961 4368; x_wconf 86' lang='grc'><strong><em>,</em></strong></span> <span class='ocrx_word' id='word_1_384' title='bbox 1157 4335 1286 4470; x_wconf 56' lang='lat' dir='ltr'><em>Inopuni.</em></span> 
     </span>
    </p>
   </div>
   <div class='ocr_carea' id='block_1_9' title="bbox 0 0 1630 5259">
    <p class='ocr_par' dir='ltr' id='par_1_11' title="bbox 0 0 1630 5259">
     <span class='ocr_line' id='line_1_43' title="bbox 0 0 1630 5259; baseline 0 2"><span class='ocrx_word' id='word_1_385' title='bbox 0 0 1630 5259; x_wconf 95' lang='lat' dir='ltr'><em> </em></span> 
     </span>
    </p>
   </div>
  </div>
 </body>
</html>
