3250 5259
459 581 538 648 nn
581 529 933 647 canarno.
1249 603 1286 671 ,5

156 739 312 806 didisset
350 757 454 806 eorum
482 745 570 820 asiis,
598 741 770 832 Hypocrifis,
807 743 912 822 idest,
942 743 1051 809 alienae
1086 743 1228 828 personae·
1245 748 1287 814 li·

158 829 300 906 mulatio,
323 829 442 896 Latinis.
454 829 629 916 Hssrirnrr,
651 831 850 921 Ludimesque,
864 847 921 898 aut·
929 834 1019 896 etiam
1033 830 1125 896 Ludii
1135 835 1285 900 dicuutur.

159 913 260 980 Mami
272 919 434 980 imitatores
460 916 526 982 sunt
540 918 686 1003 gestuum,
708 940 826 997 vocum,
846 936 899 983 aut
912 918 1195 1004 gressuum'alicujus
1219 944 1287 1004 per·

161 1001 254 1068 sonae
266 1005 341 1068 inter
355 1005 445 1092 aliast
467 1009 552 1084 cujus
564 1005 688 1068 ridicula
701 1005 738 1069 fit
752 1027 823 1083 vox,
838 1023 891 1070 aut
905 1007 985 1070 aliud
996 1005 1159 1092 quidpiam.
1198 1006 1287 1072 'Pan-

160 1089 274 1152 toma'mi
298 1089 430 1170 omnium
457 1089 645 1176 personarum
668 1093 827 1159 imitatores
849 1091 916 1158 suut
940 1092 1163 1176 effittore'sque:
1193 1110 1287 1160 utet
1319 1109 1325 1133 '

161 1178 314 1254 mulieres,
326 1195 356 1242 et
370 1175 460 1255 senes,
483 1195 513 1244 et
530 1177 665 1260 juvenes,
681 1200 714 1242 ac
729 1179 942 1265 cujuscumque
952 1182 1052 1243 aetatis
1068 1181 1200 1262 personas
1213 1201 1286 1263 con·

160 1263 280 1346 fingant
296 1290 311 1342 ς1
326 1264 415 1328 etiam
434 1267 475 1328 ita
497 1289 533 1330 cx
549 1266 677 1350 gestibus
691 1265 868 1345 describunt,
889 1281 923 1330 ut
936 1267 967 1330 id
985 1268 1067 1350 quod
1081 1269 1174 1351 agunt
1186 1259 1291 1334 videt'e

159 1352 289 1416 videare.
317 1352 494 1432 Huiusmodi
517 1353 582 1416 sunt
597 1375 672 1436 quos
687 1355 750 1418 Itali
767 1353 902 1442 Buffones
923 1357 1016 1436 vulgo
1029 1372 1147 1419 vocant.
1181 1354 1289 1420 Arabi-

162 1436 247 1499 mimr'
261 1442 405 1522 principes
418 1437 484 1503 su'nt
499 1441 681 1517 histrionum,
708 1443 765 1505 hoc
777 1443 832 1516 est,
861 1438 937 1506 inter
950 1442 1105 1506 histriones
1115 1429 1287 1507 solertisiimi

161 1543 193 1585 et
202 1527 434 1590 excellentissimi.
446 1526 579 1610 Etbalogi
589 1530 684 1604 mimi,
701 1545 752 1592 aut
765 1527 910 1613 Ethoprea',
922 1548 1040 1592 morum
1053 1527 1122 1613 sunt
1134 1527 1290 1607 efflueret,

161 1610 386 1697 assesiuumque
401 1612 615 1697 cujuscumque
625 1613 763 1698 personae
777 1635 865 1698 quam
881 1611 1287 1699 sustinent,autquamagun't

161 1713 194 1760 et
208 1701 339 1764 reserunt
366 1701 398 1764 in
414 1706 516 1777 Stena,
544 1701 623 1764 unde
639 1699 802 1786 Ethopoeia,
830 1721 947 1764 morum
961 1702 1120 1766 alienorum
1135 1705 1261 1766 imitatio
1268 1698 1284 1768 's

161 1804 194 1847 et
208 1785 315 1853 Ethica'
328 1787 456 1872 pistores
468 1809 503 1851 ac
517 1785 645 1851 statuarii
655 1788 739 1868 dicti,
752 1789 804 1870 qui
818 1786 883 1852 suas
898 1791 1040 1872 imagines
1052 1791 1093 1851 ita
1106 1781 1282 1875 depingunt,

161 1890 217 1935 aut
241 1873 362 1950 caelant,
377 1893 412 1939 ut
434 1875 561 1940 sensibus
583 1873 718 1958 expressis
738 1877 952 1958 propemodum
967 1873 1086 1959 spirent.
1131 1872 1285 1958 aymerici

161 1961 239 2024 inter
252 1957 378 2026 scenicos
392 1963 506 2028 astures
525 1964 601 2036 sunt,
624 1962 682 2037 hoc
700 1959 751 2037 est,
772 1961 954 2039 citharoedi,
975 1960 1165 2040 citharistae,
1192 1960 1284 2044 Lyri.

159 2047 231 2121 siae,
259 2051 424 2113 Tibicines.
449 2048 622 2124 citharoedi,
638 2051 689 2130 qui
711 2049 888 2114 etsidicines
902 2050 1052 2127 dicuntur,
1084 2049 1213 2113 citharae
1226 2067 1279 2112 ac-

157 2133 307 2201 cinebant.
354 2135 535 2220 Citharssae,
556 2135 705 2199 citharam
727 2151 840 2212 tantum
857 2135 1018 2218 pulsabant,
1045 2157 1102 2200 non
1116 2147 1216 2200 autem
1228 2155 1283 2200 ac-

158 2225 310 2288 cinebant.
351 2223 541 2304 ‘Hujusmodi
561 2223 728 2305 Thymelici
749 2243 798 2306 pet
820 2223 997 2286 orchestram
1024 2223 1205 2306 praestabant
1227 2242 1281 2285 ac-

159 2313 256 2372 tiones
279 2307 354 2374 suas.
399 2308 490 2375 Ludii
504 2309 560 2372 srue
583 2307 723 2371 ludiones
739 2312 785 2388 (ut
806 2311 868 2390 jam
882 2308 1065 2390 dissum-esi)
1088 2313 1109 2373 ii
1126 2323 1208 2372 erant
1226 2309 1281 2389 qui

157 2396 350 2460 Comoediam
364 2396 539 2461 recitabant.
584 2400 619 2458 In
632 2414 665 2458 ea
675 2397 752 2458 enim
762 2397 908 2471 recitanda
923 2397 1028 2458 mirum
1043 2395 1101 2458 snit
1112 2395 1284 2459 artificium.

157 2485 244 2548 Nam
272 2487 383 2548 cantica
406 2484 647 2564 temperabantur
672 2484 781 2558 modis,
810 2501 903 2544 nona
927 2485 1031 2556 Poeta,
1071 2479 1120 2545 sed
1146 2480 1280 2564 aperito
1302 2478 1304 2485 ’

155 2575 229 2634 artis
253 2569 379 2635 musicae
401 2569 507 2634 fastis:
531 2569 717 2652 nequeenim
739 2572 838 2632 omnia
851 2568 953 2632 iisdem
974 2569 1070 2631 modis
1085 2572 1114 2632 in
1129 2588 1190 2643 nno
1210 2587 1281 2630 can·

156 2662 220 2723 tico
232 2661 406 2742 agebantur,
431 2655 573 2740 sedsaepe
587 2657 723 2719 mutatis:
748 2671 782 2718 nt
797 2656 972 2739 fignificant,
991 2657 1044 2739 qui
1060 2671 1117 2720 tres
1138 2673 1281 2718 numeros

155 2746 188 2810 in
203 2745 371 2810 Comoediis
393 2758 518 2828 ponunt,
544 2745 597 2826 qui
617 2759 674 2806 tres
688 2745 839 2806 continent
860 2741 961 2806 Modos
978 2742 1088 2806 'cantici
1102 2743 1192 2807 illius.
1215 2743 1280 2829 Qi

156 2830 331 2914 hujusmodi
347 2834 452 2896 modos
473 2830 629 2906 faciebant,
649 2851 755 2894 nomen
780 2833 810 2892 in
827 2830 971 2913 principio
994 2828 1126 2894 Fabulae
1137 2845 1168 2892 et
1179 2827 1279 2910 Scrip-

157 2924 242 2997 totis,
268 2936 299 2984 et
313 2919 431 2984 Asloris
459 2917 703 3002 superponebant.
748 2915 923 2999 Hujusmodi
948 2917 1024 2979 adeo
1042 2920 1170 2981 carmina
1183 2915 1220 2978 ad
1237 2918 1277 2979 tis

154 3008 221 3071 bias
236 3007 358 3083 fiebant,
384 3022 419 3070 ut
433 3003 608 3080 bis'auditis,
628 3004 716 3071 multi
729 3025 767 3068 ex
783 3005 896 3088 populo
915 3003 1151 3076 condiscerent,
1181 3021 1275 3085 quam

136 3163 139 3168 .
155 3095 300 3160 Fabulam
314 3095 408 3158 asturi
424 3091 527 3158 scenici
541 3093 642 3170 essent,
662 3113 751 3174 quam
765 3093 888 3154 omuino
907 3089 1121 3174 speslatoribns
1134 3088 1204 3173 ipss
1217 3108 1274 3152 an·

154 3182 295 3251 recedens
318 3183 420 3246 titulus
442 3181 696 3264 pronuntiaretur.
738 3179 895 3262 Agebatur
918 3197 1019 3242 autem
1034 3174 1128 3240 Tibris
1142 3177 1274 3260 paribus,

153 3286 208 3336 aut
225 3269 407 3354 imparibus;
429 3285 458 3332 et
473 3267 590 3342 dextris,
619 3281 671 3331 aut
695 3262 820 3330 sinistris.
844 3262 979 3328 Dextrae
992 3280 1091 3328 autem
1115 3265 1203 3326 tibiae
1222 3257 1274 3338 su'aj

153 3360 299 3442 gravitate
313 3354 413 3420 seriam
434 3357 611 3419 Comoedias
624 3355 783 3420 distionem
798 3348 1040 3436 pronunciabant.
1086 3348 1229 3434 Sinssr'ae
1242 3365 1273 3412 et

153 3444 449 3508 Serranaeacuminis
458 3443 715 3520 lenitatejocumin
724 3439 884 3502 Comoedia
895 3436 1272 3502 ostendebant.Untaurem

152 3533 273 3604 dextra,
286 3547 316 3594 et
330 3531 440 3596 sinislra
452 3529 517 3592 asia
525 3531 637 3592 Fabula
650 3527 868 3600 inscribebatur,
881 3523 1058 3606 mistimjoci
1073 3537 1102 3586 et
1112 3518 1271 3606 gravitates

151 3620 414 3684 denunciabantur.
440 3612 534 3678 nami
543 3631 594 3677 aut
608 3615 709 3689 Ludii,
732 3613 804 3676 dum
826 3612 963 3696 agebant,
984 3610 1165 3675 assumebant
1178 3610 1271 3691 capiti

150 3705 303 3792 personas,
325 3710 384 3770 boc
409 3703 461 3778 est,
486 3703 625 3766 confidas
639 3705 783 3764 variatum
807 3699 994 3782 personarum
1007 3697 1114 3760 laciesr
1136 3698 1181 3759 vel
1195 3686 1271 3758 reti’·

149 3795 225 3858 culo
248 3789 340 3858 denso
362 3793 451 3856 sacies
472 3789 659 3864 obvelabant,
685 3808 721 3850 ue
735 3783 968 3870 agnoscerentur.
1007 3788 1052 3847 Ita
1074 3786 1161 3847 etiam
1189 3781 1269 3845 iusti

150 3883 212 3944 tuti
227 3897 310 3946 erant
323 3879 492 3960 hujusmodi
509 3875 678 3950 Histriones,
694 3891 745 3936 aut
758 3876 861 3951 Mimi,
873 3891 906 3934 ut
920 3889 950 3936 et
962 3874 1093 3955 corporis
1105 3885 1203 3932 motus
1216 3869 1270 3932 de'·

149 3984 252 4032 centes
281 3966 431 4032 facerenta
454 3965 582 4048 denique
605 3967 694 4034 etiarn
717 3977 820 4036 cantus
845 3980 880 4021 ac
906 3960 1080 4044 prolationes
1107 3955 1269 4021 secundum

148 4056 259 4119 modos
277 4054 375 4118 edesii
391 4069 487 4132 eram,
507 4073 584 4135 quae
602 4055 711 4114 mitum
725 4052 755 4111 in
771 4045 903 4112 modum,
919 4047 1063 4130 populum
1091 4042 1266 4117 afficiebant.

148 4145 190 4208 Hi
210 4139 294 4208 srmul
307 4139 403 4206 coadii
424 4141 454 4204 iu
468 4159 590 4224 quoque
616 4158 732 4221 genere,
755 4149 806 4196 aut
820 4144 985 4206 cantantes,
1000 4149 1052 4194 aut
1067 4129 1200 4192 saltantes
1214 4151 1267 4213 ap·
1324 4137 1339 4194 ’.

147 4227 484 4316 pellabanturChtrus:
506 4223 588 4288 divist
602 4227 632 4289 in
649 4226 725 4294 duas,
750 4238 858 4304 partes,
890 4216 1073 4292 Semicbsria.
1106 4215 1138 4278 ln
1156 4216 1269 4281 antone

146 4333 250 4382 autem
267 4315 457 4390 Comoedias,
480 4333 582 4378 eorum
610 4313 701 4396 aliqui
725 4311 831 4394 primas
847 4323 956 4388 partes,
983 4304 1031 4379 alii
1052 4303 1191 4382 secundas
1220 4319 1268 4367 te·

144 4423 218 4470 acte
242 4404 430 4484 dicebantur,
451 4421 508 4488 pto
530 4398 616 4464 variis
642 4399 763 4462 asluum
792 4393 982 4478 ¹rationibus:
1005 4413 1109 4458 eorum
1124 4390 1268 4541 euimpalii

212 4511 214 4516 ’
1217 4498 1267 4541 ro-
