3250 5259
318 503 383 576 ‚60
475 581 481 594 „
589 500 1211 567 onsnnvanronns.

344 666 440 817 lopgia
462 665 625 751 impeditur
643 667 861 737 commentariis
879 667 1055 764 quaeledlu
1083 663 1153 738 sunt
1179 662 1346 742 difficiliora
1372 662 1466 749 quam

346 758 355 820 i
390 762 544 820 etextus!
652 811 654 816 .

358 777 549 926 pQridquid
565 837 652 924 little
674 839 803 922 hisquae
818 837 911 902 modo
936 839 1080 918 diximus,
1101 837 1318 904 editoieorum
1349 861 1475 926 operum
1529 856 1530 883 ³

279 986 282 994 ,
348 928 505 1012 inquibus
530 948 630 1012 paucae
655 925 806 1010 supersunt
829 926 953 990 maculae
983 922 1270 1004 &adulterationeq
1294 922 1359 1003 live,
1376 925 1477 996 sensus

348 1015 409 1090 ssve
423 1015 516 1080 sermo
532 1013 689 1097 spesletur,
712 1016 749 1088 ab
761 1015 949 1094 immutando
965 1028 1051 1077 textu
1066 1014 1154 1076 debet
1169 1015 1304 1098 inprimis
1316 1015 1473 1093 abstinere,

319 1125 322 1132 ·
349 1099 405 1168 nec
429 1107 458 1166 in
476 1099 573 1186 ipsum
594 1101 734 1165 inducere
760 1101 902 1164 sectiones
931 1120 1031 1176 novas,
1055 1099 1107 1163 nifi
1132 1101 1258 1182 quandia
1274 1104 1385 1169 menda
1405 1099 1474 1172 suut

351 1190 505 1264 evidentia,
530 1191 558 1251 δι
581 1191 802 1254 emendationes
827 1189 975 1251 evidenter
990 1189 1168 1264 necessaria,
1184 1204 1237 1262 aut
1250 1192 1375 1272 optimis
1387 1192 1476 1252 codi-
1530 1252 1531 1269 ξ

352 1278 437 1342 cibus
451 1279 497 1355 vel
518 1271 723 1356 manuscriptis
747 1275 793 1336 vel
816 1275 956 1356 impressis
973 1276 1167 1354 confirmatae.
1207 1280 1330 1348 Textus
1351 1278 1476 1356 alicujus

353 1368 460 1448 operis,
483 1364 565 1446 quod
580 1365 611 1426 in
635 1366 768 1426 omnium
790 1365 927 1425 manibus
949 1360 1095 1437 versatum
1117 1361 1197 1429 facili
1216 1365 1336 1451 negotio
1351 1365 1474 1450 legitur,

355 1451 553 1537 quodmultis
582 1449 693 1512 abhinc
722 1445 834 1512 saeculis
865 1449 1034 1533 aplurimis
1064 1451 1239 1514 hominibus
1266 1451 1358 1514 etiam
1385 1469 1475 1532 atque

354 1541 443 1604 etiam
465 1537 626 1621 perleslnm
639 1533 690 1616 est,
712 1557 770 1600 non
784 1537 874 1599 debet
888 1539 1044 1600 immutari
1056 1535 1108 1600 nist
1123 1558 1217 1622 quum
1243 1537 1357 1625 constat
1381 1539 1474 1604 lesio·

355 1646 402 1690 res
425 1646 531 1692 omnes
548 1626 596 1687 tali
622 1623 739 1688 sessioni
769 1621 903 1700 assuetos,
927 1622 1034 1686 tanam
1057 1627 1291 1698 immutationem
1315 1624 1396 1710 ipsos
1420 1646 1476 1708 ap·

357 1712 546 1796 probaturos,
569 1709 739 1776 firmissimis
760 1709 867 1792 nempe
894 1712 1051 1774 momentis
1075 1713 1217 1785 innixam.
1261 1713 1316 1776 His
1338 1715 1485 1793 exeeptis,
1532 1754 1533 1767 κ

356 1791 472 1865 c'asrbus
488 1798 540 1883 qui
554 1797 684 1862 rarissimi
700 1796 777 1876 sunt,
799 1795 988 1879 conjedluras
1008 1794 1072 1862 suas
1093 1797 1178 1862 extri
1193 1814 1316 1864 textum.
1325 1814 1476 1882 proponat

356 1885 463 1967 editor,
487 1903 516 1950 at
538 1881 590 1966 ipsr
615 1886 711 1948 textui
741 1900 840 1968 parcat
864 1884 1031 1968 religiosus.
1071 1889 1168 1948 Nemo
1191 1890 1284 1970 magis
1304 1886 1398 1971 quam
1419 1908 1483 1970 ego
1532 1934 1533 1949 i

360 1975 526 2040 demiratur
540 1975 692 2056 ingentem
706 1992 772 2056 quae
787 1973 820 2034 in
841 1970 968 2035 Reiskio
991 1973 1163 2054 suppetebat
1182 1967 1353 2042 sermonum
1368 1973 1476 2058 prisco.-

361 2057 444 2144 rum,
468 2057 687 2142 praesertimque
701 2061 801 2142 graeei‚
836 2061 982 2139 peritiam,
1014 2080 1128 2122 necnon
1152 2076 1247 2137 artem
1269 2059 1300 2124 δι
1326 2059 1478 2136 solertiam

361 2147 473 2232 quibua
492 2165 574 2229 aegro
599 2147 700 2207 textui.
715 2147 851 2222 medetur
872 2143 900 2207 &
919 2168 953 2208 ea
969 2145 1165 2229 suppletquae
1178 2144 1297 2212 desuntt
1336 2150 1479 2232 lllaptae·

359 2230 456 2318 sertim
465 2236 556 2297 miror
571 2252 640 2314 quae
650 2231 775 2296 confecit
789 2231 821 2295 in
830 2232 1019 2298 emendandis
1034 2233 1147 2318 scriptis
1159 2255 1262 2309 eorum
1276 2255 1356 2318 quos
1372 2253 1486 2307 vocant.

358 2311 488 2386 o'rstores
500 2340 612 2404 graecos
624 2317 801 2399 minores&
815 2320 891 2383 milri
903 2320 1020 2384 ridetur
1036 2321 1118 2403 plura
1129 2319 1280 2404 profecisse
1294 2319 1372 2388 solus
1385 2322 1488 2406 quattu

361 2429 466 2476 omnes
487 2410 571 2497 sirpus
585 2408 640 2490 qui
652 2403 751 2488 ipsum
775 2408 970 2472 antecessere:
1007 2410 1065 2472 Sed
1081 2406 1382 2494 quamuissrngulaii
1406 2411 1487 2495 ergit
1533 2464 1534 2469 ,

290 2489 292 2498 ’
361 2491 453 2577 ipsrus
475 2498 649 2598 mpmoriam
665 2496 852 2570 ueneratione
864 2494 983 2569 afficiar,
1009 2494 1145 2578 quamvis
1168 2501 1292 2568 memori
1307 2499 1410 2564 animo
1430 2521 1479 2565 re·

362 2583 467 2644 corder
483 2602 551 2668 cum
569 2581 745 2658 honorificas
767 2603 842 2664 quas
858 2584 934 2644 milti
949 2582 1042 2661 dedit,
1063 2602 1158 2666 quum
1173 2586 1293 2659 viveret,
1316 2585 1410 2649 animi
1437 2583 1488 2654 sui.

361 2663 599 2754 significationes,
623 2664 687 2729 rum
711 2689 771 2730 non
787 2669 918 2732 modicas
934 2670 1079 2745 utilitates
1101 2690 1177 2752 quas
1200 2671 1393 2752 exejuldem
1410 2693 1483 2736 eru·

362 2753 433 2818 ditis
457 2753 717 2839 perquisitionibus
734 2759 861 2838 percepi,
884 2754 1000 2830 fatebor
1022 2774 1118 2829 tamen
1145 2755 1295 2834 illumin
1319 2758 1379 2827 suis
1392 2761 1483 2825 editi·

362 2843 466 2914 onibus
482 2845 597 2925 graecis,
623 2857 742 2904 textum
760 2845 868 2922 pluries
883 2845 1056 2922 immutasse,
1079 2863 1176 2928 quum
1187 2845 1212 2908 is
1222 2845 1335 2910 sensum
1351 2847 1489 2930 aliquem.
1534 2906 1535 2913 ,

361 2929 527 3018 enhiberet,
551 2923 693 3004 &suisset
705 2925 794 2992 satius
808 2951 877 2994 eum
899 2929 985 2998 ratem
1000 2932 1070 3012 aliis,
1085 2931 1255 3016 relinquere,
1274 2935 1396 3018 qualem
1419 2933 1469 3021 ips

361 3035 429 3080 acce
470 3033 526 3081 rat.

407 3039 512 3185 Itbbue
527 3101 726 3166 existimamus
741 3098 891 3184 scriptoris
904 3105 1021 3188 antiqui
1037 3121 1167 3180 textum,
1189 3104 1214 3170 si·
1227 3109 1319 3192 vulgo
1334 3127 1433 3189 putus
1446 3109 1483 3176 fit

365 3185 534 3278 &nitidus
557 3187 681 3252 &sacili
703 3190 794 3269 operi
809 3191 972 3270 evolvatur,
995 3213 1053 3254 non
1069 3195 1177 3257 debere
1198 3191 1252 3256 nisi
1264 3195 1408 3268 rarissime
1422 3199 1481 3261 im-

364 3270 485 3344 mutari.
531 3277 574 3337 At
589 3296 685 3358 quum
701 3273 806 3358 scripta
821 3296 920 3340 vetera
935 3299 994 3342 non
1010 3295 1204 3361 pervenerunt
1218 3282 1256 3342 ad
1283 3302 1340 3346 nos
1362 3285 1416 3351 nisi
1443 3283 1482 3350 ita

365 3361 547 3448 mendosa&
567 3363 683 3442 mutila,
706 3379 739 3433 ut
756 3365 872 3446 legatur
896 3386 965 3427 cnm
989 3366 1124 3437 molestia
1150 3365 1327 3440 &sinidio
1349 3370 1382 3449 id
1396 3373 1488 3456 quod.

302 3507 304 3514 ,
365 3451 425 3540 legi
445 3449 572 3526 debebat
597 3469 665 3512 cum
684 3443 785 3512 srudlu
804 3447 837 3513 dc
858 3454 1021 3535 voluptate,
1044 3457 1120 3535 quid
1141 3466 1214 3525 tunc
1238 3477 1327 3540 agere
1349 3456 1483 3543 suscipiet

276 3571 282 3578 -
320 3535 321 3539 ’
368 3535 563 3623 peritissimus
578 3537 698 3598 editor?
723 3533 842 3620 nempe,
866 3554 981 3603 textum
1007 3541 1167 3616 restituere,
1190 3545 1281 3606 verba
1301 3545 1383 3609 male
1404 3546 1483 3610 ordi·

283 3667 288 3682 .
367 3639 434 3687 nata
449 3626 486 3686 ad
501 3624 636 3686 debitum
658 3623 792 3686 ordinem
805 3646 953 3702 revocare,
975 3629 1095 3708 rejicere
1108 3629 1192 3712 quod
1216 3628 1328 3697 vitiose
1339 3633 1483 3710 abundat,

366 3711 494 3790 adjicere
515 3709 598 3792 qnod
616 3707 706 3787 deest,
731 3711 761 3774 in
782 3709 866 3774 suum
881 3715 979 3789 locum
996 3719 1246 3799 reponerequod
1272 3717 1482 3804 transpofimm

365 3795 435 3874 fuit,
451 3799 578 3900 denique
589 3795 704 3860 efficere
715 3815 749 3858 ut
759 3797 789 3860 id
802 3799 921 3884 ,legatur
936 3822 997 3870 uno
1008 3803 1199 3886 tenorequod
1209 3824 1402 3888 non-poterat
1414 3809 1494 3892 legi„

364 3881 475 3948 Verirm
490 3899 576 3945 etiam
594 3901 663 3945 tunc
677 3885 783 3946 editori
794 3888 929 3952 concessa
940 3889 1059 3969 libertas
1074 3911 1131 3958 non
1145 3891 1234 3956 debet
1249 3902 1485 3980 prorumperent

362 3969 525 4122 gpffntianr,
549 3971 578 4032 dt
602 3987 689 4033 certae
714 3971 782 4054 sunt
800 3975 881 4059 leges
908 3977 1069 4062 acregulae
1093 3997 1164 4061 que
1178 3978 1233 4063 ipsi
1253 3977 1404 4048 servandae
1418 3983 1484 4048 sunt

365 4053 545 4142 ,rgentiirs

380 4225 382 4230 Ι
415 4149 462 4208 Ac
482 4139 613 4227 primurn
637 4143 757 4226 quidem
772 4155 920 4230 receptam
936 4147 1095 4225 lest-ionem
1107 4170 1167 4216 non
1181 4149 1296 4226 deserat
1311 4153 1366 4222 nisi
1382 4156 1485 4222 urina

363 4232 484 4320 coaslus
504 4232 692 4316 neceffitate3
714 4233 853 4316 &quum
868 4255 907 4298 ert
927 4238 963 4298 ea
988 4239 1095 4320 nequit
1107 4238 1192 4314 ,clici
1210 4243 1291 4304 ullus
1305 4241 1402 4308 sensns
1411 4267 1482 4329 pro·

363 4310 480 4380 babilis.
522 4317 645 4397 Judicio
672 4324 764 4405 magis
787 4321 876 4402 quim
905 4324 1025 4406 ingenio
1048 4319 1299 4402 daunaredus
1324 4329 1427 4399 careat
1446 4333 1482 4394 ab

361 4401 425 4482 illis
453 4402 701 4492 restitutionibus,
725 4428 759 4475 ut
781 4411 895 4487 dieunt,
919 4409 1103 4500 ingpuiosrs3
1125 4414 1162 4478 as
1176 4412 1302 4502 'si'bop
1327 4420 1413 4516 possit
1431 4415 1482 4480 sibi

1077 4543 1080 4549 ,
1392 4510 1480 4571 'tem-
