<?xml version="1.0" encoding="UTF-8"?>
<!DOCTYPE html PUBLIC "-//W3C//DTD XHTML 1.0 Transitional//EN"
    "http://www.w3.org/TR/xhtml1/DTD/xhtml1-transitional.dtd">
<html xmlns="http://www.w3.org/1999/xhtml" xml:lang="en" lang="en">
 <head>
  <title>
</title>
<meta http-equiv="Content-Type" content="text/html;charset=utf-8" />
  <meta name='ocr-system' content='tesseract 3.04.00' />
  <meta name='ocr-capabilities' content='ocr_page ocr_carea ocr_par ocr_line ocrx_word'/>
</head>
<body>
  <div class='ocr_page' id='page_1' title='image "./tractatusvariil00crevgoog_0183.png"; bbox 0 0 3250 5259; ppageno 0'>
   <div class='ocr_carea' id='block_1_1' title="bbox 261 521 1193 625">
    <p class='ocr_par' dir='ltr' id='par_1_1' title="bbox 261 521 1266 642">
     <span class='ocr_line' id='line_1_1' title="bbox 261 521 1193 625; baseline 0.015 -28"><span class='ocrx_word' id='word_1_1' title='bbox 261 521 334 600; x_wconf 87' lang='lat' dir='ltr'><em>DE</em></span> <span class='ocrx_word' id='word_1_2' title='bbox 384 521 775 625; x_wconf 70' lang='lat' dir='ltr'><em>SUCCESSiONUM</em></span> <span class='ocrx_word' id='word_1_3' title='bbox 809 526 1077 620; x_wconf 59' lang='lat' dir='ltr'>‘LEGIBUS‚·=</span> <span class='ocrx_word' id='word_1_4' title='bbox 1108 535 1193 613; x_wconf 87' lang='lat' dir='ltr'><strong>&amp;c.&#39;</strong></span> 
     </span>
    </p>
   </div>
   <div class='ocr_carea' id='block_1_2' title="bbox 123 720 1360 2802">
    <p class='ocr_par' dir='ltr' id='par_1_2' title="bbox 146 720 1360 1134">
     <span class='ocr_line' id='line_1_2' title="bbox 193 720 1273 806; baseline 0.011 -19"><span class='ocrx_word' id='word_1_5' title='bbox 193 720 272 806; x_wconf 74' lang='lat' dir='ltr'><em>neg.</em></span> <span class='ocrx_word' id='word_1_6' title='bbox 300 744 332 788; x_wconf 85' lang='lat'><em>1.</em></span> <span class='ocrx_word' id='word_1_7' title='bbox 375 723 658 789; x_wconf 73' lang='lat' dir='ltr'><em>nnnnmmnm</em></span> <span class='ocrx_word' id='word_1_8' title='bbox 680 731 881 790; x_wconf 75' lang='lat' dir='ltr'><em>&#39;nnnnt&#39;scns</em></span> <span class='ocrx_word' id='word_1_9' title='bbox 901 733 1033 806; x_wconf 70' lang='lat' dir='ltr'><em>muns,</em></span> <span class='ocrx_word' id='word_1_10' title='bbox 1070 723 1144 798; x_wconf 75' lang='lat' dir='ltr'><em>non</em></span> <span class='ocrx_word' id='word_1_11' title='bbox 1172 753 1273 798; x_wconf 73' lang='lat' dir='ltr'><em>men</em></span> 
     </span>
     <span class='ocr_line' id='line_1_3' title="bbox 149 817 1360 902; baseline 0.013 -31"><span class='ocrx_word' id='word_1_12' title='bbox 149 829 356 875; x_wconf 76' lang='lat' dir='ltr'><em>suscmnn.</em></span> <span class='ocrx_word' id='word_1_13' title='bbox 405 831 596 876; x_wconf 72' lang='lat' dir='ltr'><em>s1n1n1uM</em></span> <span class='ocrx_word' id='word_1_14' title='bbox 622 830 694 876; x_wconf 77' lang='lat' dir='ltr'><em>non</em></span> <span class='ocrx_word' id='word_1_15' title='bbox 712 829 938 899; x_wconf 72' lang='lat' dir='ltr'><em>unnutTQn</em></span> <span class='ocrx_word' id='word_1_16' title='bbox 963 835 1276 902; x_wconf 75' lang='lat' dir='ltr'><em>nnouncnusnsn,·</em></span> <span class='ocrx_word' id='word_1_17' title='bbox 1359 817 1360 824; x_wconf 56' lang='lat'><em>&#39;</em></span> 
     </span>
     <span class='ocr_line' id='line_1_4' title="bbox 146 915 1276 976; baseline 0.013 -19"><span class='ocrx_word' id='word_1_18' title='bbox 146 915 204 960; x_wconf 74' lang='lat' dir='ltr'><em>An</em></span> <span class='ocrx_word' id='word_1_19' title='bbox 222 915 361 963; x_wconf 70' lang='lat' dir='ltr'><em>romunt</em></span> <span class='ocrx_word' id='word_1_20' title='bbox 376 917 542 962; x_wconf 69' lang='lat' dir='ltr'><em>nucum</em></span> <span class='ocrx_word' id='word_1_21' title='bbox 559 917 604 965; x_wconf 69' lang='grc' dir='ltr'><em>ετ</em></span> <span class='ocrx_word' id='word_1_22' title='bbox 618 917 817 976; x_wconf 69' lang='lat' dir='ltr'><em>Momm,</em></span> <span class='ocrx_word' id='word_1_23' title='bbox 840 920 967 966; x_wconf 69' lang='lat' dir='ltr'>TERRA</span> <span class='ocrx_word' id='word_1_24' title='bbox 987 921 1080 968; x_wconf 74' lang='lat' dir='ltr'><em>vnno</em></span> <span class='ocrx_word' id='word_1_25' title='bbox 1098 928 1147 970; x_wconf 75' lang='lat' dir='ltr'><em>nn</em></span> <span class='ocrx_word' id='word_1_26' title='bbox 1165 925 1276 972; x_wconf 77' lang='lat' dir='ltr'><em>Pnox-</em></span> 
     </span>
     <span class='ocr_line' id='line_1_5' title="bbox 146 988 1275 1058; baseline 0.011 -12"><span class='ocrx_word' id='word_1_27' title='bbox 146 1002 260 1046; x_wconf 77' lang='lat' dir='ltr'><em>smum</em></span> <span class='ocrx_word' id='word_1_28' title='bbox 285 1004 490 1050; x_wconf 69' lang='lat' dir='ltr'><em>nunnus</em></span> <span class='ocrx_word' id='word_1_29' title='bbox 509 988 786 1052; x_wconf 73' lang='lat' dir='ltr'><em>onnnnmotsss</em></span> <span class='ocrx_word' id='word_1_30' title='bbox 809 1006 1129 1056; x_wconf 73' lang='lat' dir='ltr'><em>consonansnnum</em></span> <span class='ocrx_word' id='word_1_31' title='bbox 1146 1010 1275 1058; x_wconf 72' lang='lat' dir='ltr'><em>nunn-</em></span> 
     </span>
     <span class='ocr_line' id='line_1_6' title="bbox 148 1089 1139 1134; baseline 0.001 -1"><span class='ocrx_word' id='word_1_32' title='bbox 148 1089 267 1134; x_wconf 74' lang='lat' dir='ltr'><strong>NEAT·</strong></span> <span class='ocrx_word' id='word_1_33' title='bbox 1134 1123 1139 1134; x_wconf 88' lang='lat'>.</span> 
     </span>
    </p>

    <p class='ocr_par' dir='ltr' id='par_1_3' title="bbox 142 1145 1274 1330">
     <span class='ocr_line' id='line_1_7' title="bbox 187 1145 1274 1245; baseline 0.012 -27"><span class='ocrx_word' id='word_1_34' title='bbox 187 1159 265 1240; x_wconf 85' lang='lat' dir='ltr'><em>Leg.</em></span> <span class='ocrx_word' id='word_1_35' title='bbox 289 1179 321 1225; x_wconf 84' lang='lat'><em>2.</em></span> <span class='ocrx_word' id='word_1_36' title='bbox 365 1156 400 1220; x_wconf 81' lang='lat' dir='ltr'><em>Si</em></span> <span class='ocrx_word' id='word_1_37' title='bbox 409 1145 505 1219; x_wconf 89' lang='lat' dir='ltr'><em>autem</em></span> <span class='ocrx_word' id='word_1_38' title='bbox 520 1179 569 1218; x_wconf 88' lang='lat' dir='ltr'><em>nee</em></span> <span class='ocrx_word' id='word_1_39' title='bbox 572 1155 671 1240; x_wconf 81' lang='lat' dir='ltr'><em>filiam</em></span> <span class='ocrx_word' id='word_1_40' title='bbox 685 1155 961 1244; x_wconf 75' lang='lat' dir='ltr'><em>tatuit,;sororejus</em></span> <span class='ocrx_word' id='word_1_41' title='bbox 971 1163 1122 1245; x_wconf 87' lang='lat' dir='ltr'><em>pecuniam</em></span> <span class='ocrx_word' id='word_1_42' title='bbox 1146 1165 1181 1228; x_wconf 63' lang='lat' dir='ltr'><em>ld</em></span> <span class='ocrx_word' id='word_1_43' title='bbox 1193 1189 1274 1230; x_wconf 85' lang='lat' dir='ltr'><em>ntan-</em></span> 
     </span>
     <span class='ocr_line' id='line_1_8' title="bbox 142 1242 1043 1330; baseline 0.006 -24"><span class='ocrx_word' id='word_1_44' title='bbox 142 1242 225 1327; x_wconf 86' lang='lat' dir='ltr'><em>cipia</em></span> <span class='ocrx_word' id='word_1_45' title='bbox 239 1265 250 1303; x_wconf 88' lang='lat'><em>:</em></span> <span class='ocrx_word' id='word_1_46' title='bbox 273 1259 385 1306; x_wconf 87' lang='lat' dir='ltr'><em>terram</em></span> <span class='ocrx_word' id='word_1_47' title='bbox 395 1242 543 1326; x_wconf 75' lang='lat' dir='ltr'><em>proximus</em></span> <span class='ocrx_word' id='word_1_48' title='bbox 553 1259 687 1325; x_wconf 77' lang='lat' dir='ltr'><em>paterna</em></span> <span class='ocrx_word' id='word_1_49' title='bbox 697 1244 891 1324; x_wconf 82' lang='lat' dir='ltr'><em>generationis</em></span> <span class='ocrx_word' id='word_1_50' title='bbox 911 1247 1043 1330; x_wconf 84' lang='lat' dir='ltr'><em>accipiat.</em></span> 
     </span>
    </p>

    <p class='ocr_par' dir='ltr' id='par_1_4' title="bbox 128 1326 1272 1588">
     <span class='ocr_line' id='line_1_9' title="bbox 189 1326 1272 1420; baseline 0.015 -33"><span class='ocrx_word' id='word_1_51' title='bbox 189 1332 266 1413; x_wconf 84' lang='lat' dir='ltr'><em>Leg.</em></span> <span class='ocrx_word' id='word_1_52' title='bbox 291 1351 322 1417; x_wconf 83' lang='lat'><em>3.</em></span> <span class='ocrx_word' id='word_1_53' title='bbox 368 1331 507 1392; x_wconf 89' lang='lat' dir='ltr'><em>Sioutem</em></span> <span class='ocrx_word' id='word_1_54' title='bbox 533 1352 582 1390; x_wconf 91' lang='lat' dir='ltr'><em>nec</em></span> <span class='ocrx_word' id='word_1_55' title='bbox 597 1326 706 1413; x_wconf 83' lang='lat' dir='ltr'><em>filiuni,</em></span> <span class='ocrx_word' id='word_1_56' title='bbox 731 1356 781 1394; x_wconf 88' lang='lat' dir='ltr'><em>nec</em></span> <span class='ocrx_word' id='word_1_57' title='bbox 790 1331 899 1416; x_wconf 85' lang='lat' dir='ltr'><em>filiam,</em></span> <span class='ocrx_word' id='word_1_58' title='bbox 925 1336 1143 1420; x_wconf 80' lang='lat' dir='ltr'><em>nequesororem</em></span> <span class='ocrx_word' id='word_1_59' title='bbox 1158 1338 1272 1417; x_wconf 82' lang='lat' dir='ltr'><em>habuit,</em></span> 
     </span>
     <span class='ocr_line' id='line_1_10' title="bbox 128 1413 1272 1507; baseline 0.011 -30"><span class='ocrx_word' id='word_1_60' title='bbox 128 1415 191 1502; x_wconf 89' lang='lat' dir='ltr'><em>sed</em></span> <span class='ocrx_word' id='word_1_61' title='bbox 201 1429 324 1480; x_wconf 84' lang='lat' dir='ltr'><em>matrem</em></span> <span class='ocrx_word' id='word_1_62' title='bbox 337 1413 633 1500; x_wconf 75' lang='lat' dir='ltr'><em>tantumfieperstitem</em></span> <span class='ocrx_word' id='word_1_63' title='bbox 648 1417 777 1502; x_wconf 88' lang='lat' dir='ltr'><em>reliquit,</em></span> <span class='ocrx_word' id='word_1_64' title='bbox 793 1417 942 1504; x_wconf 85' lang='lat' dir='ltr'><em>quodfilia</em></span> <span class='ocrx_word' id='word_1_65' title='bbox 954 1421 1005 1482; x_wconf 84' lang='lat' dir='ltr'><em>vel</em></span> <span class='ocrx_word' id='word_1_66' title='bbox 1004 1422 1095 1507; x_wconf 78' lang='lat' dir='ltr'><em>soror</em></span> <span class='ocrx_word' id='word_1_67' title='bbox 1102 1425 1272 1504; x_wconf 76' lang='lat' dir='ltr'><em>debuerunt,</em></span> 
     </span>
     <span class='ocr_line' id='line_1_11' title="bbox 140 1500 867 1588; baseline 0.006 -24"><span class='ocrx_word' id='word_1_68' title='bbox 140 1517 240 1565; x_wconf 89' lang='lat' dir='ltr'><em>mater</em></span> <span class='ocrx_word' id='word_1_69' title='bbox 241 1501 392 1588; x_wconf 78' lang='lat' dir='ltr'><em>stoscipiat,</em></span> <span class='ocrx_word' id='word_1_70' title='bbox 408 1500 442 1562; x_wconf 93' lang='lat' dir='ltr'><em>id</em></span> <span class='ocrx_word' id='word_1_71' title='bbox 451 1502 490 1584; x_wconf 81' lang='lat' dir='ltr'><em>est</em></span> <span class='ocrx_word' id='word_1_72' title='bbox 497 1501 650 1583; x_wconf 84' lang='lat' dir='ltr'><em>pecuniam</em></span> <span class='ocrx_word' id='word_1_73' title='bbox 664 1503 699 1564; x_wconf 68' lang='lat' dir='ltr'><em>fiii</em></span> <span class='ocrx_word' id='word_1_74' title='bbox 713 1501 867 1585; x_wconf 89' lang='lat' dir='ltr'><em>mancipia.</em></span> 
     </span>
    </p>

    <p class='ocr_par' dir='ltr' id='par_1_5' title="bbox 140 1586 1272 1852">
     <span class='ocr_line' id='line_1_12' title="bbox 188 1586 1272 1677; baseline 0.018 -31"><span class='ocrx_word' id='word_1_75' title='bbox 188 1591 258 1672; x_wconf 83' lang='lat' dir='ltr'><em>Leg</em></span> <span class='ocrx_word' id='word_1_76' title='bbox 270 1610 301 1664; x_wconf 84' lang='lat'><em>4.</em></span> <span class='ocrx_word' id='word_1_77' title='bbox 360 1587 456 1672; x_wconf 73' lang='lat' dir='ltr'><em>uodſs</em></span> <span class='ocrx_word' id='word_1_78' title='bbox 467 1586 630 1669; x_wconf 86' lang='lat' dir='ltr'><em>necfilium,</em></span> <span class='ocrx_word' id='word_1_79' title='bbox 652 1611 702 1651; x_wconf 83' lang='lat' dir='ltr'><em>neo</em></span> <span class='ocrx_word' id='word_1_80' title='bbox 720 1589 828 1674; x_wconf 80' lang='lat' dir='ltr'><em>filiam,</em></span> <span class='ocrx_word' id='word_1_81' title='bbox 859 1615 908 1654; x_wconf 88' lang='lat' dir='ltr'><em>nee</em></span> <span class='ocrx_word' id='word_1_82' title='bbox 921 1593 1059 1677; x_wconf 92' lang='lat' dir='ltr'><em>sororem,</em></span> <span class='ocrx_word' id='word_1_83' title='bbox 1084 1612 1138 1660; x_wconf 89' lang='lat' dir='ltr'><em>eat</em></span> <span class='ocrx_word' id='word_1_84' title='bbox 1150 1614 1272 1666; x_wconf 82' lang='lat' dir='ltr'><em>matrem</em></span> 
     </span>
     <span class='ocr_line' id='line_1_13' title="bbox 140 1670 1272 1760; baseline 0.011 -23"><span class='ocrx_word' id='word_1_85' title='bbox 140 1670 343 1760; x_wconf 77' lang='lat' dir='ltr'><em>dimisttjieper</em></span> <span class='ocrx_word' id='word_1_86' title='bbox 365 1673 429 1749; x_wconf 90' lang='lat' dir='ltr'><em>ites,</em></span> <span class='ocrx_word' id='word_1_87' title='bbox 440 1674 599 1759; x_wconf 77' lang='lat' dir='ltr'><em>proximus,</em></span> <span class='ocrx_word' id='word_1_88' title='bbox 616 1673 667 1755; x_wconf 90' lang='lat' dir='ltr'><em>qui</em></span> <span class='ocrx_word' id='word_1_89' title='bbox 669 1674 772 1760; x_wconf 88' lang='lat' dir='ltr'><em>suerit</em></span> <span class='ocrx_word' id='word_1_90' title='bbox 777 1689 911 1758; x_wconf 80' lang='lat' dir='ltr'><em>paterna</em></span> <span class='ocrx_word' id='word_1_91' title='bbox 921 1681 1125 1758; x_wconf 82' lang='lat' dir='ltr'><em>generationis,</em></span> <span class='ocrx_word' id='word_1_92' title='bbox 1141 1679 1221 1748; x_wconf 85' lang='lat' dir='ltr'><em>lieres</em></span> <span class='ocrx_word' id='word_1_93' title='bbox 1236 1713 1272 1750; x_wconf 84' lang='lat' dir='ltr'><em>ese</em></span> 
     </span>
     <span class='ocr_line' id='line_1_14' title="bbox 142 1757 1135 1852; baseline 0.01 -28"><span class='ocrx_word' id='word_1_94' title='bbox 142 1773 201 1824; x_wconf 85' lang='lat' dir='ltr'><em>toto</em></span> <span class='ocrx_word' id='word_1_95' title='bbox 209 1759 358 1852; x_wconf 79' lang='lat' dir='ltr'><em>soeeeedat‚·</em></span> <span class='ocrx_word' id='word_1_96' title='bbox 372 1776 432 1824; x_wconf 91' lang='lat' dir='ltr'><em>tam</em></span> <span class='ocrx_word' id='word_1_97' title='bbox 446 1761 478 1822; x_wconf 90' lang='lat' dir='ltr'><em>in</em></span> <span class='ocrx_word' id='word_1_98' title='bbox 488 1757 610 1842; x_wconf 79' lang='lat' dir='ltr'><em>pecario</em></span> <span class='ocrx_word' id='word_1_99' title='bbox 623 1772 709 1842; x_wconf 89' lang='lat' dir='ltr'><em>atque</em></span> <span class='ocrx_word' id='word_1_100' title='bbox 724 1762 887 1846; x_wconf 80' lang='lat' dir='ltr'><em>mancipiis,</em></span> <span class='ocrx_word' id='word_1_101' title='bbox 899 1763 984 1845; x_wconf 78' lang='lat' dir='ltr'><em>quim</em></span> <span class='ocrx_word' id='word_1_102' title='bbox 997 1766 1027 1828; x_wconf 88' lang='lat' dir='ltr'><em>in</em></span> <span class='ocrx_word' id='word_1_103' title='bbox 1041 1766 1135 1837; x_wconf 73' lang='lat' dir='ltr'><em>terri.</em></span> 
     </span>
    </p>

    <p class='ocr_par' dir='ltr' id='par_1_6' title="bbox 133 1845 1271 2104">
     <span class='ocr_line' id='line_1_15' title="bbox 184 1845 1270 1933; baseline 0.012 -23"><span class='ocrx_word' id='word_1_104' title='bbox 184 1850 264 1930; x_wconf 84' lang='lat' dir='ltr'><em>Leg.</em></span> <span class='ocrx_word' id='word_1_105' title='bbox 290 1867 321 1928; x_wconf 74' lang='grc' dir='ltr'><em>ς,</em></span> <span class='ocrx_word' id='word_1_106' title='bbox 365 1845 415 1910; x_wconf 80' lang='lat' dir='ltr'><em>Ad</em></span> <span class='ocrx_word' id='word_1_107' title='bbox 433 1866 630 1933; x_wconf 85' lang='lat' dir='ltr'><em>quemeumque</em></span> <span class='ocrx_word' id='word_1_108' title='bbox 654 1846 799 1911; x_wconf 78' lang='lat' dir='ltr'><em>hereditas</em></span> <span class='ocrx_word' id='word_1_109' title='bbox 821 1863 910 1910; x_wconf 81' lang='lat' dir='ltr'><em>terrea</em></span> <span class='ocrx_word' id='word_1_110' title='bbox 920 1852 1102 1933; x_wconf 81' lang='lat' dir='ltr'><em>pervenerit,</em></span> <span class='ocrx_word' id='word_1_111' title='bbox 1128 1858 1170 1919; x_wconf 87' lang='lat' dir='ltr'><em>ad</em></span> <span class='ocrx_word' id='word_1_112' title='bbox 1189 1858 1270 1924; x_wconf 91' lang='lat' dir='ltr'><em>illum</em></span> 
     </span>
     <span class='ocr_line' id='line_1_16' title="bbox 133 1929 1271 2026; baseline 0.018 -34"><span class='ocrx_word' id='word_1_113' title='bbox 133 1934 230 2019; x_wconf 76' lang='lat' dir='ltr'><em>,vestis</em></span> <span class='ocrx_word' id='word_1_114' title='bbox 244 1932 353 2009; x_wconf 85' lang='lat' dir='ltr'><em>bellica,</em></span> <span class='ocrx_word' id='word_1_115' title='bbox 368 1933 402 1996; x_wconf 92' lang='lat' dir='ltr'><em>id</em></span> <span class='ocrx_word' id='word_1_116' title='bbox 420 1929 578 2020; x_wconf 83' lang='lat' dir='ltr'><em>estloriea,</em></span> <span class='ocrx_word' id='word_1_117' title='bbox 594 1931 628 1992; x_wconf 53' lang='grc' dir='ltr'>ὃ</span> <span class='ocrx_word' id='word_1_118' title='bbox 653 1932 724 1996; x_wconf 90' lang='lat' dir='ltr'><em>ultio</em></span> <span class='ocrx_word' id='word_1_119' title='bbox 733 1935 872 2015; x_wconf 80' lang='lat' dir='ltr'><em>proximi,</em></span> <span class='ocrx_word' id='word_1_120' title='bbox 901 1937 936 1998; x_wconf 54' lang='grc' dir='ltr'>ὅ</span> <span class='ocrx_word' id='word_1_121' title='bbox 949 1938 1053 2026; x_wconf 87' lang='lat' dir='ltr'><em>solutio</em></span> <span class='ocrx_word' id='word_1_122' title='bbox 1065 1938 1155 2004; x_wconf 89' lang='lat' dir='ltr'><em>leudis</em></span> <span class='ocrx_word' id='word_1_123' title='bbox 1168 1943 1212 2024; x_wconf 90' lang='lat' dir='ltr'><em>(id</em></span> <span class='ocrx_word' id='word_1_124' title='bbox 1228 1947 1271 2012; x_wconf 88' lang='lat' dir='ltr'><em>est</em></span> 
     </span>
     <span class='ocr_line' id='line_1_17' title="bbox 137 2016 1026 2104; baseline -0.001 -18"><span class='ocrx_word' id='word_1_125' title='bbox 137 2019 442 2104; x_wconf 60' lang='lat' dir='ltr'><em>compofitionisteu</em></span> <span class='ocrx_word' id='word_1_126' title='bbox 458 2016 634 2100; x_wconf 81' lang='lat' dir='ltr'><em>Wesegildi)</em></span> <span class='ocrx_word' id='word_1_127' title='bbox 653 2018 732 2084; x_wconf 85' lang='lat' dir='ltr'><em>debet</em></span> <span class='ocrx_word' id='word_1_128' title='bbox 741 2021 899 2101; x_wconf 73' lang='lat' dir='ltr'><em>pertinere.</em></span> <span class='ocrx_word' id='word_1_129' title='bbox 1022 2091 1026 2100; x_wconf 64' lang='grc'>,</span> 
     </span>
    </p>

    <p class='ocr_par' dir='ltr' id='par_1_7' title="bbox 130 2103 1271 2454">
     <span class='ocr_line' id='line_1_18' title="bbox 184 2103 1270 2198; baseline 0.014 -31"><span class='ocrx_word' id='word_1_130' title='bbox 184 2112 261 2192; x_wconf 85' lang='lat' dir='ltr'><em>Leg.</em></span> <span class='ocrx_word' id='word_1_131' title='bbox 285 2104 317 2176; x_wconf 87' lang='lat'><em>6.</em></span> <span class='ocrx_word' id='word_1_132' title='bbox 360 2103 468 2170; x_wconf 86' lang='lat' dir='ltr'><em>Mater</em></span> <span class='ocrx_word' id='word_1_133' title='bbox 477 2103 597 2169; x_wconf 91' lang='lat' dir='ltr'><em>moriens</em></span> <span class='ocrx_word' id='word_1_134' title='bbox 597 2103 662 2188; x_wconf 85' lang='lat' dir='ltr'><em>filio</em></span> <span class='ocrx_word' id='word_1_135' title='bbox 676 2119 795 2180; x_wconf 87' lang='lat' dir='ltr'><em>terram,</em></span> <span class='ocrx_word' id='word_1_136' title='bbox 805 2109 959 2192; x_wconf 82' lang='lat' dir='ltr'><em>mancipia,</em></span> <span class='ocrx_word' id='word_1_137' title='bbox 967 2112 1118 2194; x_wconf 87' lang='lat' dir='ltr'><em>pecuniam</em></span> <span class='ocrx_word' id='word_1_138' title='bbox 1128 2115 1270 2198; x_wconf 80' lang='lat' dir='ltr'><em>dimittat,</em></span> 
     </span>
     <span class='ocr_line' id='line_1_19' title="bbox 130 2189 1270 2286; baseline 0.011 -27"><span class='ocrx_word' id='word_1_139' title='bbox 130 2197 211 2284; x_wconf 78' lang='lat' dir='ltr'><em>filia</em></span> <span class='ocrx_word' id='word_1_140' title='bbox 227 2194 297 2258; x_wconf 78' lang='lat' dir='ltr'><em>veri</em></span> <span class='ocrx_word' id='word_1_141' title='bbox 301 2193 395 2282; x_wconf 87' lang='lat' dir='ltr'><em>spolia</em></span> <span class='ocrx_word' id='word_1_142' title='bbox 409 2194 481 2268; x_wconf 87' lang='lat' dir='ltr'><em>colli,</em></span> <span class='ocrx_word' id='word_1_143' title='bbox 504 2192 538 2254; x_wconf 92' lang='lat' dir='ltr'><em>id</em></span> <span class='ocrx_word' id='word_1_144' title='bbox 560 2189 598 2272; x_wconf 87' lang='lat' dir='ltr'><em>est</em></span> <span class='ocrx_word' id='word_1_145' title='bbox 617 2213 760 2266; x_wconf 88' lang='lat' dir='ltr'><em>murenas,</em></span> <span class='ocrx_word' id='word_1_146' title='bbox 791 2194 887 2279; x_wconf 80' lang='lat' dir='ltr'><em>naseas</em></span> <span class='ocrx_word' id='word_1_147' title='bbox 912 2193 971 2272; x_wconf 81' lang='lat' dir='ltr'><em>(seu</em></span> <span class='ocrx_word' id='word_1_148' title='bbox 988 2198 1120 2282; x_wconf 83' lang='lat' dir='ltr'><em>fibulas),</em></span> <span class='ocrx_word' id='word_1_149' title='bbox 1140 2206 1270 2286; x_wconf 88' lang='lat' dir='ltr'><em>monilia,</em></span> 
     </span>
     <span class='ocr_line' id='line_1_20' title="bbox 136 2275 1271 2372; baseline 0.009 -26"><span class='ocrx_word' id='word_1_150' title='bbox 136 2284 271 2357; x_wconf 83' lang='lat' dir='ltr'><em>inaures,</em></span> <span class='ocrx_word' id='word_1_151' title='bbox 287 2281 385 2366; x_wconf 82' lang='lat' dir='ltr'><em>vestes,</em></span> <span class='ocrx_word' id='word_1_152' title='bbox 423 2277 566 2355; x_wconf 74' lang='lat' dir='ltr'><em>armillas,</em></span> <span class='ocrx_word' id='word_1_153' title='bbox 596 2275 647 2338; x_wconf 83' lang='lat' dir='ltr'><em>vel</em></span> <span class='ocrx_word' id='word_1_154' title='bbox 657 2277 797 2361; x_wconf 88' lang='lat' dir='ltr'><em>quidquid</em></span> <span class='ocrx_word' id='word_1_155' title='bbox 807 2282 967 2344; x_wconf 89' lang='lat' dir='ltr'><em>ornamenti</em></span> <span class='ocrx_word' id='word_1_156' title='bbox 976 2284 1103 2372; x_wconf 60' lang='lat' dir='ltr'><em>proprii</em></span> <span class='ocrx_word' id='word_1_157' title='bbox 1115 2287 1271 2356; x_wconf 83' lang='lat' dir='ltr'><em>videbatur</em></span> 
     </span>
     <span class='ocr_line' id='line_1_21' title="bbox 139 2367 658 2454; baseline 0.004 -21"><span class='ocrx_word' id='word_1_158' title='bbox 139 2367 279 2454; x_wconf 78' lang='lat' dir='ltr'><em>habuiſje.</em></span> <span class='ocrx_word' id='word_1_159' title='bbox 403 2445 407 2450; x_wconf 18' lang='grc' dir='ltr'>ι</span> <span class='ocrx_word' id='word_1_160' title='bbox 656 2425 658 2429; x_wconf 91' lang='grc'>.</span> 
     </span>
    </p>

    <p class='ocr_par' dir='ltr' id='par_1_8' title="bbox 123 2448 1327 2718">
     <span class='ocr_line' id='line_1_22' title="bbox 182 2448 1267 2544; baseline 0.016 -31"><span class='ocrx_word' id='word_1_161' title='bbox 182 2461 261 2538; x_wconf 82' lang='lat' dir='ltr'><em>Leg.</em></span> <span class='ocrx_word' id='word_1_162' title='bbox 286 2475 318 2532; x_wconf 86' lang='lat'><em>7.</em></span> <span class='ocrx_word' id='word_1_163' title='bbox 363 2451 399 2516; x_wconf 86' lang='lat' dir='ltr'><em>Si</em></span> <span class='ocrx_word' id='word_1_164' title='bbox 412 2448 575 2538; x_wconf 81' lang='lat' dir='ltr'><em>necfilium,</em></span> <span class='ocrx_word' id='word_1_165' title='bbox 586 2453 738 2537; x_wconf 80' lang='lat' dir='ltr'><em>necfiliam</em></span> <span class='ocrx_word' id='word_1_166' title='bbox 752 2451 1028 2538; x_wconf 71' lang='lat' dir='ltr'><em>habuerit,fiororem</em></span> <span class='ocrx_word' id='word_1_167' title='bbox 1037 2461 1106 2523; x_wconf 77' lang='lat' dir='ltr'><em>veri</em></span> <span class='ocrx_word' id='word_1_168' title='bbox 1121 2460 1267 2544; x_wconf 53' lang='lat' dir='ltr'><em>habuerim</em></span> 
     </span>
     <span class='ocr_line' id='line_1_23' title="bbox 123 2536 1327 2628; baseline 0.006 -25"><span class='ocrx_word' id='word_1_169' title='bbox 123 2536 591 2628; x_wconf 78' lang='lat' dir='ltr'><em>sororipeouniom&amp;mancipia‚</em></span> <span class='ocrx_word' id='word_1_170' title='bbox 611 2538 740 2622; x_wconf 78' lang='lat' dir='ltr'><em>proximo</em></span> <span class='ocrx_word' id='word_1_171' title='bbox 751 2537 821 2599; x_wconf 77' lang='lat' dir='ltr'><em>veri</em></span> <span class='ocrx_word' id='word_1_172' title='bbox 826 2539 947 2622; x_wconf 87' lang='lat' dir='ltr'><em>paterni</em></span> <span class='ocrx_word' id='word_1_173' title='bbox 950 2544 1066 2622; x_wconf 88' lang='lat' dir='ltr'><em>generis</em></span> <span class='ocrx_word' id='word_1_174' title='bbox 1081 2559 1192 2612; x_wconf 88' lang='lat' dir='ltr'><em>terram</em></span> <span class='ocrx_word' id='word_1_175' title='bbox 1215 2577 1266 2618; x_wconf 78' lang='lat' dir='ltr'><em>re.</em></span> <span class='ocrx_word' id='word_1_176' title='bbox 1317 2567 1327 2582; x_wconf 53' lang='lat' dir='ltr'><em>t</em></span> 
     </span>
     <span class='ocr_line' id='line_1_24' title="bbox 135 2629 1162 2718; baseline 0.007 -27"><span class='ocrx_word' id='word_1_177' title='bbox 135 2629 263 2711; x_wconf 69' lang='lat' dir='ltr'><em>inquot.</em></span> <span class='ocrx_word' id='word_1_178' title='bbox 955 2669 957 2676; x_wconf 80' lang='grc'><em>·</em></span> <span class='ocrx_word' id='word_1_179' title='bbox 1078 2669 1081 2674; x_wconf 42' lang='lat'>1</span> <span class='ocrx_word' id='word_1_180' title='bbox 1156 2705 1162 2718; x_wconf 48' lang='grc'>,</span> 
     </span>
    </p>

    <p class='ocr_par' dir='ltr' id='par_1_9' title="bbox 180 2708 1267 2802">
     <span class='ocr_line' id='line_1_25' title="bbox 180 2708 1267 2802; baseline 0.004 -28"><span class='ocrx_word' id='word_1_181' title='bbox 180 2719 261 2798; x_wconf 84' lang='lat' dir='ltr'><em>Leg.</em></span> <span class='ocrx_word' id='word_1_182' title='bbox 286 2713 319 2780; x_wconf 85' lang='lat'><em>8.</em></span> <span class='ocrx_word' id='word_1_183' title='bbox 379 2710 470 2798; x_wconf 83' lang='lat' dir='ltr'><em>Usque</em></span> <span class='ocrx_word' id='word_1_184' title='bbox 498 2714 541 2776; x_wconf 92' lang='lat' dir='ltr'><em>ad</em></span> <span class='ocrx_word' id='word_1_185' title='bbox 564 2708 694 2794; x_wconf 80' lang='lat' dir='ltr'><em>quintam</em></span> <span class='ocrx_word' id='word_1_186' title='bbox 719 2709 930 2792; x_wconf 79' lang='lat' dir='ltr'><em>generationem</em></span> <span class='ocrx_word' id='word_1_187' title='bbox 958 2726 1086 2798; x_wconf 87' lang='lat' dir='ltr'><em>paterna</em></span> <span class='ocrx_word' id='word_1_188' title='bbox 1117 2721 1267 2802; x_wconf 62' lang='lat' dir='ltr'><em>generatio</em></span> 
     </span>
    </p>
   </div>
   <div class='ocr_carea' id='block_1_3' title="bbox 129 2795 1375 2890">
    <p class='ocr_par' dir='ltr' id='par_1_10' title="bbox 129 2795 1375 2890">
     <span class='ocr_line' id='line_1_26' title="bbox 129 2795 1375 2890; baseline -0.001 -24"><span class='ocrx_word' id='word_1_189' title='bbox 129 2802 281 2888; x_wconf 80' lang='lat' dir='ltr'><em>fieecedat.</em></span> <span class='ocrx_word' id='word_1_190' title='bbox 327 2798 396 2884; x_wconf 81' lang='lat' dir='ltr'><em>Post</em></span> <span class='ocrx_word' id='word_1_191' title='bbox 409 2797 539 2881; x_wconf 85' lang='lat' dir='ltr'><em>quintam</em></span> <span class='ocrx_word' id='word_1_192' title='bbox 553 2795 731 2885; x_wconf 62' lang='lat' dir='ltr'><em>xautemfilia</em></span> <span class='ocrx_word' id='word_1_193' title='bbox 746 2821 782 2858; x_wconf 82' lang='lat' dir='ltr'><em>ex</em></span> <span class='ocrx_word' id='word_1_194' title='bbox 804 2809 869 2871; x_wconf 87' lang='lat' dir='ltr'><em>toto,</em></span> <span class='ocrx_word' id='word_1_195' title='bbox 881 2798 949 2882; x_wconf 82' lang='lat' dir='ltr'><em>five</em></span> <span class='ocrx_word' id='word_1_196' title='bbox 970 2802 1004 2862; x_wconf 88' lang='lat' dir='ltr'><em>de</em></span> <span class='ocrx_word' id='word_1_197' title='bbox 1012 2803 1112 2882; x_wconf 88' lang='lat' dir='ltr'><em>patris</em></span> <span class='ocrx_word' id='word_1_198' title='bbox 1126 2807 1194 2890; x_wconf 80' lang='lat' dir='ltr'><em>five</em></span> <span class='ocrx_word' id='word_1_199' title='bbox 1207 2836 1268 2877; x_wconf 83' lang='lat' dir='ltr'><em>ma.</em></span> <span class='ocrx_word' id='word_1_200' title='bbox 1326 2829 1330 2836; x_wconf 63' lang='lat'><strong><em>¹</em></strong></span> <span class='ocrx_word' id='word_1_201' title='bbox 1372 2839 1375 2848; x_wconf 95' lang='lat'>·</span> 
     </span>
    </p>
   </div>
   <div class='ocr_carea' id='block_1_4' title="bbox 123 2882 1298 4104">
    <p class='ocr_par' dir='ltr' id='par_1_11' title="bbox 123 2882 1266 3059">
     <span class='ocr_line' id='line_1_27' title="bbox 135 2882 1266 2986; baseline 0.005 -36"><span class='ocrx_word' id='word_1_202' title='bbox 135 2889 194 2952; x_wconf 87' lang='lat' dir='ltr'><em>tris</em></span> <span class='ocrx_word' id='word_1_203' title='bbox 203 2902 303 2973; x_wconf 69' lang='lat' dir='ltr'><em>parte,</em></span> <span class='ocrx_word' id='word_1_204' title='bbox 326 2886 357 2948; x_wconf 92' lang='lat' dir='ltr'><em>itt</em></span> <span class='ocrx_word' id='word_1_205' title='bbox 371 2882 556 2968; x_wconf 71' lang='lat' dir='ltr'><em>hereditatem</em></span> <span class='ocrx_word' id='word_1_206' title='bbox 567 2886 712 2972; x_wconf 73' lang='lat' dir='ltr'><em>succerdas,</em></span> <span class='ocrx_word' id='word_1_207' title='bbox 740 2887 770 2949; x_wconf 72' lang='lat' dir='ltr'><em>lu</em></span> <span class='ocrx_word' id='word_1_208' title='bbox 795 2896 862 2947; x_wconf 88' lang='lat' dir='ltr'><em>tunc</em></span> <span class='ocrx_word' id='word_1_209' title='bbox 885 2888 994 2951; x_wconf 87' lang='lat' dir='ltr'><em>demum</em></span> <span class='ocrx_word' id='word_1_210' title='bbox 1008 2887 1153 2962; x_wconf 79' lang='lat' dir='ltr'><em>hereditas</em></span> <span class='ocrx_word' id='word_1_211' title='bbox 1165 2899 1266 2986; x_wconf 79' lang='lat' dir='ltr'><em>adfu-</em></span> 
     </span>
     <span class='ocr_line' id='line_1_28' title="bbox 123 2968 855 3059; baseline -0.011 -21"><span class='ocrx_word' id='word_1_212' title='bbox 123 2977 194 3059; x_wconf 85' lang='lat' dir='ltr'><em>sum</em></span> <span class='ocrx_word' id='word_1_213' title='bbox 208 2998 231 3038; x_wconf 89' lang='lat' dir='ltr'><em>a</em></span> <span class='ocrx_word' id='word_1_214' title='bbox 244 2971 343 3039; x_wconf 84' lang='lat' dir='ltr'><em>lanced</em></span> <span class='ocrx_word' id='word_1_215' title='bbox 357 2968 494 3056; x_wconf 64' lang='lat' dir='ltr'><em>trarffeot.</em></span> <span class='ocrx_word' id='word_1_216' title='bbox 851 2975 855 2982; x_wconf 84' lang='lat'><em>&#39;</em></span> 
     </span>
    </p>

    <p class='ocr_par' dir='ltr' id='par_1_12' title="bbox 123 3053 1298 3752">
     <span class='ocr_line' id='line_1_29' title="bbox 175 3053 1268 3144; baseline 0.005 -19"><span class='ocrx_word' id='word_1_217' title='bbox 175 3065 319 3125; x_wconf 87' lang='lat' dir='ltr'><em>Veterem</em></span> <span class='ocrx_word' id='word_1_218' title='bbox 334 3063 552 3122; x_wconf 80' lang='lat' dir='ltr'><em>Germanorum</em></span> <span class='ocrx_word' id='word_1_219' title='bbox 567 3053 654 3122; x_wconf 83' lang='lat' dir='ltr'><em>usum</em></span> <span class='ocrx_word' id='word_1_220' title='bbox 669 3073 820 3122; x_wconf 84' lang='lat' dir='ltr'><em>mutavere</em></span> <span class='ocrx_word' id='word_1_221' title='bbox 834 3061 1073 3143; x_wconf 78' lang='lat' dir='ltr'><em>Burgundiones,</em></span> <span class='ocrx_word' id='word_1_222' title='bbox 1089 3080 1122 3128; x_wconf 88' lang='lat' dir='ltr'><em>ut</em></span> <span class='ocrx_word' id='word_1_223' title='bbox 1137 3080 1215 3144; x_wconf 84' lang='lat' dir='ltr'><em>potet</em></span> <span class='ocrx_word' id='word_1_224' title='bbox 1228 3089 1268 3138; x_wconf 81' lang='lat' dir='ltr'><em>ex</em></span> 
     </span>
     <span class='ocr_line' id='line_1_30' title="bbox 136 3144 1267 3235; baseline 0.004 -23"><span class='ocrx_word' id='word_1_225' title='bbox 136 3169 247 3215; x_wconf 83' lang='lat' dir='ltr'><em>eorum</em></span> <span class='ocrx_word' id='word_1_226' title='bbox 269 3151 364 3232; x_wconf 80' lang='lat' dir='ltr'><em>Lege,</em></span> <span class='ocrx_word' id='word_1_227' title='bbox 380 3146 447 3210; x_wconf 85' lang='lat' dir='ltr'><em>Tit.</em></span> <span class='ocrx_word' id='word_1_228' title='bbox 465 3148 550 3218; x_wconf 88' lang='lat' dir='ltr'>XIV,</span> <span class='ocrx_word' id='word_1_229' title='bbox 565 3147 599 3207; x_wconf 92' lang='lat' dir='ltr'><em>de</em></span> <span class='ocrx_word' id='word_1_230' title='bbox 611 3144 832 3230; x_wconf 80' lang='lat' dir='ltr'><em>Succeffionibus.</em></span> <span class='ocrx_word' id='word_1_231' title='bbox 854 3151 929 3230; x_wconf 85' lang='lat' dir='ltr'><em>Leg.</em></span> <span class='ocrx_word' id='word_1_232' title='bbox 951 3168 976 3218; x_wconf 73' lang='grc' dir='ltr'><em>ι.</em></span> <span class='ocrx_word' id='word_1_233' title='bbox 1023 3151 1107 3217; x_wconf 87' lang='lat' dir='ltr'><em>Inter</em></span> <span class='ocrx_word' id='word_1_234' title='bbox 1125 3151 1267 3235; x_wconf 88' lang='lat' dir='ltr'><em>Burgun-</em></span> 
     </span>
     <span class='ocr_line' id='line_1_31' title="bbox 134 3230 1298 3318; baseline 0.005 -21"><span class='ocrx_word' id='word_1_235' title='bbox 134 3233 233 3300; x_wconf 89' lang='lat' dir='ltr'><em>diones</em></span> <span class='ocrx_word' id='word_1_236' title='bbox 245 3235 279 3298; x_wconf 90' lang='lat' dir='ltr'><em>id</em></span> <span class='ocrx_word' id='word_1_237' title='bbox 288 3233 418 3297; x_wconf 78' lang='lat' dir='ltr'><em>volumus</em></span> <span class='ocrx_word' id='word_1_238' title='bbox 441 3230 585 3310; x_wconf 85' lang='lat' dir='ltr'><em>custodiri,</em></span> <span class='ocrx_word' id='word_1_239' title='bbox 610 3245 643 3293; x_wconf 89' lang='lat' dir='ltr'><em>ut</em></span> <span class='ocrx_word' id='word_1_240' title='bbox 656 3231 689 3315; x_wconf 82' lang='lat' dir='ltr'><em>si</em></span> <span class='ocrx_word' id='word_1_241' title='bbox 713 3230 776 3314; x_wconf 91' lang='lat' dir='ltr'><em>quis</em></span> <span class='ocrx_word' id='word_1_242' title='bbox 780 3231 879 3316; x_wconf 82' lang='lat' dir='ltr'><em>filium</em></span> <span class='ocrx_word' id='word_1_243' title='bbox 902 3258 954 3297; x_wconf 90' lang='lat' dir='ltr'><em>non</em></span> <span class='ocrx_word' id='word_1_244' title='bbox 979 3235 1139 3318; x_wconf 86' lang='lat' dir='ltr'><em>reliquerit,</em></span> <span class='ocrx_word' id='word_1_245' title='bbox 1156 3238 1187 3302; x_wconf 90' lang='lat' dir='ltr'><em>in</em></span> <span class='ocrx_word' id='word_1_246' title='bbox 1213 3241 1267 3314; x_wconf 82' lang='lat' dir='ltr'><em>loco</em></span> <span class='ocrx_word' id='word_1_247' title='bbox 1295 3265 1298 3274; x_wconf 86' lang='lat'><em>·</em></span> 
     </span>
     <span class='ocr_line' id='line_1_32' title="bbox 125 3315 1266 3408; baseline 0.004 -22"><span class='ocrx_word' id='word_1_248' title='bbox 125 3322 191 3406; x_wconf 83' lang='lat' dir='ltr'><em>filii</em></span> <span class='ocrx_word' id='word_1_249' title='bbox 194 3322 269 3408; x_wconf 85' lang='lat' dir='ltr'><em>filia</em></span> <span class='ocrx_word' id='word_1_250' title='bbox 283 3322 317 3384; x_wconf 87' lang='lat' dir='ltr'><em>in</em></span> <span class='ocrx_word' id='word_1_251' title='bbox 334 3317 433 3403; x_wconf 78' lang='lat' dir='ltr'><em>patris</em></span> <span class='ocrx_word' id='word_1_252' title='bbox 457 3315 612 3402; x_wconf 81' lang='lat' dir='ltr'><em>matrisque</em></span> <span class='ocrx_word' id='word_1_253' title='bbox 640 3316 799 3380; x_wconf 87' lang='lat' dir='ltr'><em>hereditate</em></span> <span class='ocrx_word' id='word_1_254' title='bbox 813 3317 958 3408; x_wconf 87' lang='lat' dir='ltr'><em>succedat.</em></span> <span class='ocrx_word' id='word_1_255' title='bbox 1004 3327 1068 3387; x_wconf 88' lang='lat' dir='ltr'><em>Nec</em></span> <span class='ocrx_word' id='word_1_256' title='bbox 1090 3326 1175 3395; x_wconf 76' lang='lat' dir='ltr'><em>alites</em></span> <span class='ocrx_word' id='word_1_257' title='bbox 1192 3325 1266 3402; x_wconf 73' lang='lat' dir='ltr'><em>¹Len</em></span> 
     </span>
     <span class='ocr_line' id='line_1_33' title="bbox 133 3401 1280 3488; baseline -0.001 -18"><span class='ocrx_word' id='word_1_258' title='bbox 133 3412 309 3484; x_wconf 82' lang='lat' dir='ltr'><em>Saxonum,</em></span> <span class='ocrx_word' id='word_1_259' title='bbox 336 3404 405 3479; x_wconf 69' lang='lat' dir='ltr'><em>Tit.</em></span> <span class='ocrx_word' id='word_1_260' title='bbox 420 3405 490 3466; x_wconf 88' lang='lat' dir='ltr'><strong>VII.</strong></span> <span class='ocrx_word' id='word_1_261' title='bbox 514 3404 547 3465; x_wconf 90' lang='lat' dir='ltr'><em>de</em></span> <span class='ocrx_word' id='word_1_262' title='bbox 570 3401 747 3466; x_wconf 80' lang='lat' dir='ltr'><em>Hereditas.</em></span> <span class='ocrx_word' id='word_1_263' title='bbox 763 3403 840 3488; x_wconf 72' lang='lat' dir='ltr'><em>Lag.</em></span> <span class='ocrx_word' id='word_1_264' title='bbox 858 3427 885 3469; x_wconf 91' lang='lat'><em>1.</em></span> <span class='ocrx_word' id='word_1_265' title='bbox 932 3407 1028 3472; x_wconf 87' lang='lat' dir='ltr'><em>Pater</em></span> <span class='ocrx_word' id='word_1_266' title='bbox 1041 3427 1095 3474; x_wconf 90' lang='lat' dir='ltr'><em>aut</em></span> <span class='ocrx_word' id='word_1_267' title='bbox 1108 3426 1202 3482; x_wconf 86' lang='lat' dir='ltr'><em>mater</em></span> <span class='ocrx_word' id='word_1_268' title='bbox 1216 3415 1280 3478; x_wconf 88' lang='lat' dir='ltr'><em>de.-</em></span> 
     </span>
     <span class='ocr_line' id='line_1_34' title="bbox 123 3487 1266 3586; baseline -0.002 -24"><span class='ocrx_word' id='word_1_269' title='bbox 123 3494 302 3586; x_wconf 68' lang='lat' dir='ltr'><em>suntiifilio</em></span> <span class='ocrx_word' id='word_1_270' title='bbox 315 3490 450 3576; x_wconf 80' lang='lat' dir='ltr'><em>toonfilia</em></span> <span class='ocrx_word' id='word_1_271' title='bbox 463 3487 648 3551; x_wconf 84' lang='lat' dir='ltr'><em>hereditatem</em></span> <span class='ocrx_word' id='word_1_272' title='bbox 663 3487 838 3570; x_wconf 89' lang='lat' dir='ltr'><em>relinquant.</em></span> <span class='ocrx_word' id='word_1_273' title='bbox 855 3523 858 3530; x_wconf 93' lang='lat'><em>·</em></span> <span class='ocrx_word' id='word_1_274' title='bbox 883 3495 957 3576; x_wconf 82' lang='lat' dir='ltr'><em>Leg.</em></span> <span class='ocrx_word' id='word_1_275' title='bbox 974 3512 1006 3574; x_wconf 88' lang='lat'><em>4.</em></span> <span class='ocrx_word' id='word_1_276' title='bbox 1036 3494 1103 3585; x_wconf 67' lang='lat' dir='ltr'><em>Qi</em></span> <span class='ocrx_word' id='word_1_277' title='bbox 1117 3497 1266 3582; x_wconf 68' lang='lat' dir='ltr'><em>defundus</em></span> 
     </span>
     <span class='ocr_line' id='line_1_35' title="bbox 133 3573 1265 3674; baseline 0.007 -34"><span class='ocrx_word' id='word_1_278' title='bbox 133 3609 191 3648; x_wconf 80' lang='lat' dir='ltr'><em>nnn</em></span> <span class='ocrx_word' id='word_1_279' title='bbox 196 3581 290 3670; x_wconf 81' lang='lat' dir='ltr'><em>filios,</em></span> <span class='ocrx_word' id='word_1_280' title='bbox 294 3579 351 3666; x_wconf 84' lang='lat' dir='ltr'><em>sed</em></span> <span class='ocrx_word' id='word_1_281' title='bbox 351 3577 434 3664; x_wconf 82' lang='lat' dir='ltr'><em>filias</em></span> <span class='ocrx_word' id='word_1_282' title='bbox 449 3573 611 3658; x_wconf 79' lang='lat' dir='ltr'><em>reliquerit,</em></span> <span class='ocrx_word' id='word_1_283' title='bbox 621 3576 663 3636; x_wconf 89' lang='lat' dir='ltr'><em>ad</em></span> <span class='ocrx_word' id='word_1_284' title='bbox 673 3596 722 3636; x_wconf 86' lang='lat' dir='ltr'><em>eas</em></span> <span class='ocrx_word' id='word_1_285' title='bbox 735 3575 823 3660; x_wconf 84' lang='lat' dir='ltr'><em>omnis</em></span> <span class='ocrx_word' id='word_1_286' title='bbox 835 3577 977 3655; x_wconf 83' lang='lat' dir='ltr'><em>hereditas</em></span> <span class='ocrx_word' id='word_1_287' title='bbox 982 3583 1129 3674; x_wconf 74' lang='lat' dir='ltr'><em>pertineat</em></span> <span class='ocrx_word' id='word_1_288' title='bbox 1141 3609 1150 3660; x_wconf 86' lang='lat'>;</span> <span class='ocrx_word' id='word_1_289' title='bbox 1174 3586 1265 3660; x_wconf 81' lang='lat' dir='ltr'><em>tutela</em></span> 
     </span>
     <span class='ocr_line' id='line_1_36' title="bbox 131 3658 1045 3752; baseline -0.008 -18"><span class='ocrx_word' id='word_1_290' title='bbox 131 3672 205 3734; x_wconf 78' lang='lat' dir='ltr'><em>veri</em></span> <span class='ocrx_word' id='word_1_291' title='bbox 220 3689 322 3732; x_wconf 88' lang='lat' dir='ltr'><em>earum</em></span> <span class='ocrx_word' id='word_1_292' title='bbox 324 3661 429 3752; x_wconf 77' lang='lat' dir='ltr'><em>fratri</em></span> <span class='ocrx_word' id='word_1_293' title='bbox 439 3658 623 3744; x_wconf 81' lang='lat' dir='ltr'><em>uelprouinn</em></span> <span class='ocrx_word' id='word_1_294' title='bbox 630 3659 750 3743; x_wconf 80' lang='lat' dir='ltr'><em>paterni</em></span> <span class='ocrx_word' id='word_1_295' title='bbox 759 3663 873 3742; x_wconf 84' lang='lat' dir='ltr'><em>generis</em></span> <span class='ocrx_word' id='word_1_296' title='bbox 886 3664 1045 3748; x_wconf 58' lang='lat' dir='ltr'><em>deputeture</em></span> 
     </span>
    </p>

    <p class='ocr_par' dir='ltr' id='par_1_13' title="bbox 132 3742 1265 4104">
     <span class='ocr_line' id='line_1_37' title="bbox 180 3742 1265 3838; baseline 0.005 -20"><span class='ocrx_word' id='word_1_297' title='bbox 180 3745 481 3819; x_wconf 67' lang='lat' dir='ltr'><em>Nihil&#39;vesbveteris</em></span> <span class='ocrx_word' id='word_1_298' title='bbox 496 3745 587 3808; x_wconf 82' lang='lat' dir='ltr'><em>moris</em></span> <span class='ocrx_word' id='word_1_299' title='bbox 615 3742 721 3808; x_wconf 71' lang='lat' dir='ltr'><em>mansit</em></span> <span class='ocrx_word' id='word_1_300' title='bbox 744 3749 826 3828; x_wconf 85' lang='lat' dir='ltr'><em>apud</em></span> <span class='ocrx_word' id='word_1_301' title='bbox 850 3749 1047 3834; x_wconf 79' lang='lat' dir='ltr'><em>WIstgoshos,</em></span> <span class='ocrx_word' id='word_1_302' title='bbox 1064 3755 1117 3835; x_wconf 81' lang='lat' dir='ltr'><em>qui</em></span> <span class='ocrx_word' id='word_1_303' title='bbox 1131 3757 1265 3838; x_wconf 76' lang='lat' dir='ltr'><em>filiorum</em></span> 
     </span>
     <span class='ocr_line' id='line_1_38' title="bbox 132 3831 1264 3926; baseline 0.005 -20"><span class='ocrx_word' id='word_1_304' title='bbox 132 3831 686 3923; x_wconf 76' lang='lat' dir='ltr'><em>filiarumquejuscommunefecere.</em></span> <span class='ocrx_word' id='word_1_305' title='bbox 744 3837 792 3898; x_wconf 55' lang='grc' dir='ltr'><em>δὶς</em></span> <span class='ocrx_word' id='word_1_306' title='bbox 813 3835 894 3912; x_wconf 71' lang='lat' dir='ltr'><em>essim</em></span> <span class='ocrx_word' id='word_1_307' title='bbox 921 3841 985 3902; x_wconf 89' lang='lat' dir='ltr'><em>Lex</em></span> <span class='ocrx_word' id='word_1_308' title='bbox 1011 3839 1264 3926; x_wconf 80' lang='lat' dir='ltr'><em>wisogothorum,</em></span> 
     </span>
     <span class='ocr_line' id='line_1_39' title="bbox 133 3919 1265 4010; baseline -0.001 -17"><span class='ocrx_word' id='word_1_309' title='bbox 133 3930 209 3994; x_wconf 87' lang='lat' dir='ltr'><em>libr.</em></span> <span class='ocrx_word' id='word_1_310' title='bbox 227 3931 281 3992; x_wconf 83' lang='lat' dir='ltr'><em>tv.</em></span> <span class='ocrx_word' id='word_1_311' title='bbox 307 3926 379 3990; x_wconf 86' lang='lat' dir='ltr'><em>Tit.</em></span> <span class='ocrx_word' id='word_1_312' title='bbox 393 3945 424 3990; x_wconf 80' lang='lat'><em>2·</em></span> <span class='ocrx_word' id='word_1_313' title='bbox 469 3921 511 3983; x_wconf 89' lang='lat' dir='ltr'><em>Ut</em></span> <span class='ocrx_word' id='word_1_314' title='bbox 522 3919 634 4007; x_wconf 89' lang='lat' dir='ltr'><em>sorores</em></span> <span class='ocrx_word' id='word_1_315' title='bbox 658 3941 720 3982; x_wconf 90' lang='lat' dir='ltr'><em>cum</em></span> <span class='ocrx_word' id='word_1_316' title='bbox 733 3923 888 4010; x_wconf 83' lang='lat' dir='ltr'><em>fratribus</em></span> <span class='ocrx_word' id='word_1_317' title='bbox 916 3927 1068 4008; x_wconf 81' lang='lat' dir='ltr'><em>aqualiter</em></span> <span class='ocrx_word' id='word_1_318' title='bbox 1089 3931 1121 3992; x_wconf 90' lang='lat' dir='ltr'><em>in</em></span> <span class='ocrx_word' id='word_1_319' title='bbox 1131 3933 1265 4010; x_wconf 81' lang='lat' dir='ltr'><em>fratrum</em></span> 
     </span>
     <span class='ocr_line' id='line_1_40' title="bbox 132 4005 1264 4104; baseline 0.002 -24"><span class='ocrx_word' id='word_1_320' title='bbox 132 4014 300 4080; x_wconf 82' lang='lat' dir='ltr'><em>hereditate</em></span> <span class='ocrx_word' id='word_1_321' title='bbox 303 4011 466 4102; x_wconf 76' lang='lat' dir='ltr'><em>fieecedant.</em></span> <span class='ocrx_word' id='word_1_322' title='bbox 479 4011 555 4092; x_wconf 85' lang='lat' dir='ltr'><em>Leg.</em></span> <span class='ocrx_word' id='word_1_323' title='bbox 571 4027 598 4071; x_wconf 87' lang='lat'><em>1.</em></span> <span class='ocrx_word' id='word_1_324' title='bbox 643 4005 679 4069; x_wconf 84' lang='lat' dir='ltr'><em>Si</em></span> <span class='ocrx_word' id='word_1_325' title='bbox 688 4018 776 4088; x_wconf 81' lang='lat' dir='ltr'><em>pater</em></span> <span class='ocrx_word' id='word_1_326' title='bbox 782 4009 833 4071; x_wconf 89' lang='lat' dir='ltr'><em>vel</em></span> <span class='ocrx_word' id='word_1_327' title='bbox 840 4022 934 4074; x_wconf 89' lang='lat' dir='ltr'><em>mater</em></span> <span class='ocrx_word' id='word_1_328' title='bbox 947 4013 1073 4100; x_wconf 77' lang='lat' dir='ltr'><em>intestati</em></span> <span class='ocrx_word' id='word_1_329' title='bbox 1085 4015 1117 4077; x_wconf 92' lang='lat' dir='ltr'><em>di</em></span> <span class='ocrx_word' id='word_1_330' title='bbox 1126 4018 1264 4104; x_wconf 82' lang='lat' dir='ltr'><em>cefferint,</em></span> 
     </span>
    </p>
   </div>
   <div class='ocr_carea' id='block_1_5' title="bbox 131 4082 1364 4222">
    <p class='ocr_par' dir='ltr' id='par_1_14' title="bbox 131 4082 1364 4222">
     <span class='ocr_line' id='line_1_41' title="bbox 131 4082 1364 4222; baseline -0.006 -45"><span class='ocrx_word' id='word_1_331' title='bbox 131 4100 325 4190; x_wconf 79' lang='lat' dir='ltr'><em>tuncsorores</em></span> <span class='ocrx_word' id='word_1_332' title='bbox 335 4094 558 4184; x_wconf 81' lang='lat' dir='ltr'><em>cumfratribus</em></span> <span class='ocrx_word' id='word_1_333' title='bbox 572 4092 604 4157; x_wconf 92' lang='lat' dir='ltr'><em>in</em></span> <span class='ocrx_word' id='word_1_334' title='bbox 614 4091 1016 4222; x_wconf 53' lang='lat' dir='ltr'><em>oqnqiqqrqmuusoonltate,</em></span> <span class='ocrx_word' id='word_1_335' title='bbox 1039 4099 1137 4196; x_wconf 80' lang='lat' dir='ltr'><em>absque</em></span> <span class='ocrx_word' id='word_1_336' title='bbox 1151 4103 1207 4202; x_wconf 71' lang='lat' dir='ltr'><em>alio</em></span> <span class='ocrx_word' id='word_1_337' title='bbox 1218 4111 1263 4170; x_wconf 87' lang='lat' dir='ltr'><em>ob·</em></span> <span class='ocrx_word' id='word_1_338' title='bbox 1351 4082 1364 4120; x_wconf 32' lang='lat' dir='ltr'><em>&#39;i</em></span> 
     </span>
    </p>
   </div>
   <div class='ocr_carea' id='block_1_6' title="bbox 0 0 1630 5259">
    <p class='ocr_par' dir='ltr' id='par_1_15' title="bbox 0 0 1630 5259">
     <span class='ocr_line' id='line_1_42' title="bbox 0 0 1630 5259; baseline 0 3"><span class='ocrx_word' id='word_1_339' title='bbox 0 0 1630 5259; x_wconf 95' lang='lat' dir='ltr'><em> </em></span> 
     </span>
    </p>
   </div>
   <div class='ocr_carea' id='block_1_7' title="bbox 1170 4199 1368 4285">
    <p class='ocr_par' dir='ltr' id='par_1_16' title="bbox 1170 4199 1368 4285">
     <span class='ocr_line' id='line_1_43' title="bbox 1170 4199 1368 4285; baseline 0.025 -6"><span class='ocrx_word' id='word_1_340' title='bbox 1170 4199 1263 4280; x_wconf 64' lang='lat' dir='ltr'><em>jeliu,</em></span> <span class='ocrx_word' id='word_1_341' title='bbox 1366 4276 1368 4285; x_wconf 82' lang='grc'>,</span> 
     </span>
    </p>
   </div>
  </div>
 </body>
</html>
