3250 5259
207 493 214 510 ,

586 556 777 668 1s19l
901 690 903 698 y

137 868 451 954 tt-rcotrr
500 827 857 986 aternam,
896 889 1051 996 act..
1090 864 1294 990 utranam

209 1069 283 1147 nn
318 1073 526 1156 sarran
563 1055 845 1190 Juvnuams
868 1095 914 1170 aa
940 1040 1202 1188 arturianum
1252 1080 1277 1199 s

159 1267 185 1364 J
188 1269 270 1349 AC.
297 1273 423 1350 AUG.
449 1278 761 1377 THUANUM;
787 1315 858 1388 qua
889 1293 934 1369 de
948 1295 1078 1394 satyra
1110 1304 1252 1406 origine

235 1405 271 1479 a
304 1393 433 1484 tatione
470 1410 599 1509 Satyra
630 1415 650 1489 ai
679 1415 848 1516 Juvenale
886 1417 1021 1523 scriptae
1050 1449 1190 1502 accura-

263 1525 385 1612 tiffime
400 1535 617 1634 disputatura
643 1559 745 1640 atque
766 1569 846 1618 una
860 1547 1015 1647 plutima
1036 1548 1177 1650 Nostri]

433 1665 512 1737 loca
528 1665 733 1766 sagaciffime
749 1670 987 1748 excutiuntur.

134 1781 373 1935 HORATII
416 1789 570 1876 Perllique
601 1790 704 1860 satiras
732 1793 849 1860 isaacus
880 1791 1078 1864 casaubonus
1106 1797 1138 1863 dt
1174 1801 1287 1870 Daniel

242 1873 381 1940 Heinsius
408 1878 544 1942 certatim
568 1880 708 1944 laudibus
722 1885 869 1962 extulere,
904 1904 942 1948 ac
964 1885 1096 1950 Persium
1121 1885 1172 1954 ille
1196 1888 1286 1957 suum

133 1977 290 2053 tantopere
303 1964 471 2042 adornavit,
487 1981 523 2029 ut
536 1967 611 2030 nihil
628 1969 767 2046 Horatio,
783 1971 860 2036 nihil
872 1973 1011 2052 Juvenali
1022 1991 1131 2057 praeter
1146 1975 1287 2063 indigna·
1328 2042 1332 2048 ,

134 2059 246 2122 tionem
260 2050 409 2134 reliquisse
423 2053 582 2128 videaturt
607 2055 656 2120 hic
666 2077 738 2122 vero
754 2055 923 2126 Horatium
943 2059 1058 2125 curiose
1070 2062 1287 2132 considerando
1370 2080 1376 2084 “

133 2155 192 2208 tam
214 2139 422 2207 admirabilem
450 2140 508 2204 esse
532 2142 646 2221 docuit,
679 2158 713 2206 ut
737 2143 885 2230 plerisque
909 2148 973 2228 jam
1001 2150 1033 2212 in
1060 2147 1160 2216 Perfio
1189 2153 1283 2218 nimia
1323 2180 1328 2189 ·
1369 2222 1371 2226 ,
1424 2158 1428 2162 ⁴

134 2233 225 2296 stoici
243 2227 393 2309 supercilii
413 2227 569 2293 morositas
578 2231 648 2310 jure
663 2231 826 2316 displiceat.
858 2233 1011 2313 Jurenalis
1022 2237 1179 2319 ingenium
1191 2241 1285 2306 ambo

133 2321 256 2404 quidem
283 2329 363 2378 certe
375 2316 583 2394 laudaverunt,
607 2315 646 2382 src
662 2331 759 2382 tamen
775 2321 858 2384 utin
882 2340 920 2383 eo
942 2317 1020 2404 saepe
1034 2323 1218 2388 acerbiorem
1233 2329 1282 2392 in·

131 2403 271 2492 crepindi
288 2401 452 2479 libidinem,
475 2401 552 2487 saepe
566 2405 655 2468 etiam
670 2404 828 2477 rhetoricae
841 2409 1024 2492 arrogantiae
1054 2411 1138 2490 quasi
1162 2408 1281 2476 lascivi·

133 2516 190 2572 am,
216 2515 254 2558 ac
268 2490 399 2574 denique
414 2490 660 2556 declamationem
677 2491 885 2578 potiusquam
898 2492 1017 2558 satiram
1032 2493 1089 2559 else
1113 2501 1282 2582 pronunci-

132 2584 258 2652 averiut.
304 2578 399 2656 Qtod
411 2579 821 2663 judicium,praeslautiffime
834 2581 1063 2659 Thuane,cum
1081 2579 1281 2666 sitvirorum,
1354 2595 1361 2608 ’
1381 2657 1383 2662 ⁸

131 2668 290 2754 multiplici
300 2664 449 2745 dorlrina,
463 2664 538 2731 stcut
557 2669 669 2750 optime
682 2665 770 2744 nolli,
785 2669 1007 2746 excellentium,
1022 2689 1139 2820 mappnae
1163 2671 1279 2758 semper

132 2757 317 2823 austoritatis
338 2755 418 2838 apud
434 2775 536 2818 omnes
550 2754 615 2818 sore
637 2773 698 2818 nou
713 2754 832 2819 dubito.
855 2777 954 2841 neque
967 2755 1014 2819 fas
1040 2778 1058 2820 e
1121 2760 1275 2826 crederem

132 2845 169 2909 de
183 2843 338 2924 Juvenalis
359 2839 443 2918 satira
471 2839 646 2906 senteutiam
664 2841 704 2904 ab
732 2850 845 2908 eorum'
867 2845 1009 2929 opinione
1038 2845 1086 2910 rel
1110 2847 1291 2914 minimum·

131 2929 332 2998 discedentem
370 2930 496 3012 aperite,
521 2929 574 2993 nifi
599 2949 646 2994 me
676 2929 709 2992 id
738 2950 810 2994 cum
842 2931 1007 3004 eorundem
1041 2951 1112 3015 pace
1133 2955 1169 2998 ac
1190 2938 1278 3000 venia

131 3017 287 3084 sadlurum
301 3015 510 3101 intelligerem,
533 3013 745 3102 disceptatione
766 3039 849 3083 more
870 3021 1028 3100 majorum,
1051 3011 1179 3086 houedt't
1199 3018 1296 3089 scm..
1435 3064 1437 3068 ,

132 3124 178 3172 cet
202 3127 240 3172 ac
254 3105 436 3182 verecundo,
460 3126 520 3170 nou
532 3108 638 3170 canino
649 3102 717 3180 islo,
739 3107 799 3190 qui,
810 3121 871 3170 ram
894 3106 1010 3171 multos
1036 3105 1126 3171 hodie
1151 3109 1277 3176 rabidae

131 3199 201 3280 agit,
228 3193 383 3259 iuslituta:
408 3191 628 3276 praesertimque
642 3193 723 3274 apud
740 3208 779 3266 te,
802 3208 895 3277 quem
917 3193 962 3257 illi
975 3190 1029 3276 ipfi
1044 3195 1183 3278 litteratae
1195 3194 1277 3282 sapi·
1324 3235 1333 3262 t

130 3287 219 3348 enttae
236 3301 374 3366 proceres
392 3278 544 3346 summum
559 3279 612 3344 fibi
628 3280 687 3342 suae
702 3277 807 3344 caussae
819 3281 949 3357 ‚iudicem
964 3280 1029 3343 dari
1044 3281 1276 3351 ambitiosisiime
1410 3285 1414 3292 ’

130 3370 331 3455 postulassent.
356 3373 460 3451 Itaque
473 3369 530 3434 hoc
546 3367 673 3452 primum
688 3387 726 3430 ex
741 3367 925 3450 Quintiliani
941 3367 1078 3432 doctum
1091 3371 1274 3438 verissimum

130 3460 186 3524 esse
219 3457 375 3542 pertendo,
400 3455 519 3520 satiram
541 3471 634 3519 totam
659 3453 714 3518 else
738 3457 955 3531 Romanorum,
968 3453 1095 3538 ejusque
1126 3459 1276 3542 originem

130 3547 168 3612 ab
184 3549 320 3627 satyrica
333 3550 511 3627 Graecorum
530 3541 607 3628 poesi
623 3543 788 3606 nullatenus
803 3543 1005 3629 repetendam.
1052 3545 1087 3605 Id
1103 3556 1207 3609 autem
1222 3547 1271 3611 rel
1360 3591 1367 3599 -

129 3635 263 3699 maxime
275 3631 396 3718 probari
412 3631 485 3710 mihi
498 3633 625 3707 videtur,
636 3631 719 3712 quod
734 3651 842 3695 nomen
855 3627 953 3714 ipsum
964 3629 1069 3692 Satitae
1080 3627 1138 3694 lire
1150 3635 1272 3702 Saturae

129 3723 166 3786 stt
184 3741 263 3806 pura
285 3737 359 3806 puta
382 3722 491 3782 Latina
513 3739 572 3782 vox
595 3741 613 3782 a
631 3715 830 3784 vetustissimis
852 3716 1021 3783 rudioribus
1040 3737 1096 3800 pto
1114 3716 1272 3796 sarcimine

130 3813 272 3894 primitus
286 3807 423 3891 usurpata
436 3833 447 3883 ;
470 3805 550 3869 unde
565 3803 771 3872 &multorum
786 3801 1022 3870 acdiversorum
1035 3802 1169 3888 capitoni
1178 3803 1284 3894 leger„

130 3897 351 3982 &complurea'
365 3896 471 3959 divetsr
494 3895 611 3976 generis
626 3891 760 3957 historias
785 3894 972 3978 appellavere
990 3891 1122 3956 Satirar:
1138 3892 1188 3958 sed
1201 3913 1279 3960 ante·

128 3985 198 4049 haec
213 3985 314 4048 omnia
328 3985 367 4047 ab
382 3983 487 4046 eadem
503 3977 662 4046 sarciminia
677 3979 890 4064 fignificatione
900 3980 1045 4063 jocularia
1069 3984 1201 4062 primum
1214 3982 1268 4047 de·
1347 3983 1355 4014 ³

124 4069 279 4154 jesiandae
294 4072 373 4156 plebi
387 4073 541 4142 Romanae,
566 4091 638 4132 mox
654 4067 778 4132 dicteria
803 4067 946 4153 quaedam
971 4068 1126 4151 carpendis
1144 4080 1187 4132 'ac
1213 4069 1270 4134 de·

128 4157 295 4224 scribendis
309 4159 442 4222 motibus
454 4153 614 4240 composta
633 4157 744 4222 Satires
758 4157 942 4231 vocitabant,
964 4152 1080 4237 easque,
1106 4171 1142 4219 ut
1153 4160 1196 4219 ait
1211 4159 1269 4220 Li·

127 4252 211 4326 vius,
237 4247 373 4331 impletas
387 4246 484 4312 modis
493 4243 641 4330 descripto
654 4247 690 4307 ad
708 4244 862 4310 tibicinem
875 4256 965 4307 cantu
980 4256 1128 4327 motuque
1137 4261 1268 4326 congru·

187 4344 191 4362 ⁴
690 4335 757 4398 Ca
1204 4330 1268 4396 enti
