3250 5259
399 465 424 486 ”
520 487 716 588 sarno·
740 489 953 578 curuurr
979 437 1243 580 runcina

214 751 220 762 ¹
315 711 554 804 ‘Epitomclibra
579 722 731 771 cxxxiv.
775 703 838 766 Dio
859 719 982 782 quoque
1007 703 1091 774 LIII,
1118 721 1184 782 pag.
1210 717 1283 783 5¹2·
1329 674 1465 766 Altemm
1539 719 1540 734 ¹

333 809 440 878 deiude
474 801 535 884 egit
563 792 690 868 Drusus,
722 808 833 852 novum
859 790 959 850 adhuc
984 785 1014 847 ἃ
1040 785 1229 850 inadsuerum
1256 788 1352 852 Gallis
1378 811 1466 872 opus,
1532 767 1540 800 '¹

334 889 464 965 maxime
478 881 683 960 citm,iteratis
704 875 848 952 censibus,
865 877 1046 939 tributorum
1072 875 1323 960 vestigaliumque
1345 879 1467 954 modus,

334 979 380 1055 riri
396 983 526 1054 solitum,
539 965 687 1033 cresceret.

377 1071 482 1152 Quem
498 1075 596 1123 autem
611 1052 735 1118 modurn
750 1047 909 1112 tributis&
920 1046 1113 1130 vesligalibus
1125 1049 1280 1132 Augustus
1292 1047 1469 1130 Drususque

336 1153 471 1244 primirm
486 1144 643 1234 posuerint,
657 1135 767 1202 nonest
778 1157 794 1197 a
804 1133 995 1218 scriptoribus
1012 1135 1173 1215 proditum.
1198 1138 1254 1198 Sed
1266 1157 1304 1199 ex
1313 1134 1467 1217 sapientiis,

335 1241 528 1326 benignitate,
544 1247 635 1312 atque
648 1224 790 1306 aequitate
814 1219 953 1307 Augusti,
973 1241 1100 1304 pronum
1125 1222 1168 1284 est
1182 1223 1340 1285 adfirmare
1354 1243 1389 1284 ea
1410 1227 1471 1287 nou‘

336 1331 424 1398 fuisse
439 1321 585 1409 graviora.
630 1310 730 1377 Postea
744 1308 891 1374 crescente
907 1315 1122 1390 Imperatorum
1136 1310 1266 1384 avaritia,
1292 1309 1321 1371 δι
1336 1310 1471 1392 praesec-
1540 1337 1541 1378 1

336 1438 435 1486 torum
451 1409 570 1480 neritii,
586 1399 661 1464 adeb
674 1418 793 1470 auxere,
810 1413 846 1460 ut
860 1399 896 1460 ad
921 1393 1077 1478 egestatem
1107 1397 1234 1458 redatiae
1263 1397 1318 1458 sint
1347 1401 1469 1481 Galliae,
1517 1403 1521 1414 ’
1540 1405 1541 1414 ’

336 1507 447 1592 quibus
461 1497 581 1560 tandem
594 1486 730 1552 subvenit
742 1486 875 1566 Julianus
889 1483 999 1558 Caesar,
1023 1499 1058 1544 ut
1075 1482 1162 1546 docet
1188 1485 1361 1545 Ammianus
1379 1485 1471 1548 Mar-

338 1595 462 1660 cellinus
488 1583 573 1652 XVl,
601 1593 631 1638 a.
690 1567 782 1654 Quia
797 1567 943 1660 profuerit
967 1570 1101 1648 Julianus
1127 1569 1326 1632 anhelantibus
1339 1573 1471 1636 extranei

357 1673 461 1744 enaria
476 1664 594 1738 Galliis,
610 1660 675 1724 hinc
698 1656 821 1720 maximi
833 1657 933 1730 claret,
950 1656 1022 1736 quad
1034 1654 1186 1740 primitus,
1210 1667 1310 1738 partes
1344 1680 1394 1718 ens
1422 1661 1469 1720 in·

337 1762 453 1850 graffiis,
478 1769 532 1840 pra
554 1746 694 1834 capitibus
706 1740 831 1824 fingulis
847 1739 952 1804 tributi
974 1742 1082 1804 nomina
1104 1740 1215 1804 vicenas
1236 1739 1333 1822 quinas
1355 1765 1471 1819 aureas,
1540 1781 1541 1784 =

305 1913 310 1917 .
338 1853 463 1915 Gallicae
483 1854 611 1904 monetae
626 1831 715 1894 libras
732 1847 805 1912 327,
833 1825 940 1912 reperit
950 1825 1114 1911 flagitari:
1137 1826 1271 1912 discedens
1296 1830 1470 1914 verisepte-

338 1961 386 2002 nas
401 1927 521 2002 tanaim,
534 1923 656 1986 Gallicae
673 1929 799 1977 monetae
824 1915 914 1976 libras
930 1933 981 1999 91,
1005 1935 1125 1974 munera
1147 1910 1282 1996 universa
1296 1917 1469 1996 complentes,

338 2015 371 2088 ab
384 2041 447 2103 quae
461 2030 604 2098 tamquam
621 2003 710 2099 Selfnt
722 1999 782 2098 star·
791 1999 924 2085 serenam
946 1999 1006 2081 past
1009 1997 1171 2085 squalentes
1196 1999 1326 2060 tenebras
1341 2000 1471 2088 affirlsffi

338 2108 402 2176 eum
415 2093 617 2165 alacritate&
632 2088 769 2170 tripudias
780 2085 966 2155 laetabantur,

346 2198 349 2204 '
382 2195 413 2255 Si
427 2188 493 2270 quis
507 2197 605 2242 autem
621 2176 749 2236 voluerit
774 2170 845 2232 scire
870 2186 1018 2252 quantum
1042 2171 1146 2234 tributi
1169 2167 1336 2251 persolverit
1358 2173 1477 2248 Gallia,-

338 2293 495 2359 antequam
508 2267 644 2348 Julianus
656 2255 753 2322 Caesar
765 2257 796 2320 in
805 2276 870 2320 eam
885 2259 996 2321 veniret
1009 2274 1088 2321 anno
1103 2255 1170 2336 Jesu
1182 2257 1290 2320 Christi
1303 2279 1321 2342 3
1325 2259 1379 2340 56,
1389 2261 1470 2322 baud
1541 2243 1542 2266 ³

340 2365 459 2429 difficile
473 2355 515 2420 cst
526 2352 676 2436 duplicem
690 2348 765 2409 inire
778 2346 1042 2427 computationem.
1086 2343 1202 2408 Scilicet
1213 2343 1232 2406 ti
1242 2347 1272 2407 in
1284 2347 1386 2408 Gallia
1399 2361 1470 2410 tunc

333 2456 441 2516 eadem
468 2444 527 2508 suit
551 2437 653 2523 populi
675 2432 851 2517 frequentis,
881 2452 951 2512 quae
983 2451 1061 2516 nunc
1088 2433 1142 2510 eri,
1173 2431 1202 2493 ἃ
1232 2453 1311 2513 quae,
1341 2434 1471 2496 minimai

339 2531 571 2620 computatione,
590 2533 760 2611 3‚5oo‚ooo
778 2518 925 2600 capitibus
938 2519 1140 2590 tributorum,
1152 2517 1245 2600 vulgi)
1268 2520 1354 2582 uobis
1375 2518 1470 2597 Ferre,

340 2620 512 2689 aeslimanda
526 2614 579 2692 est,
597 2629 670 2672 tunc
684 2606 782 2670 Gallia
794 2608 938 2669 tributum
956 2603 1091 2685 persolvit
1107 2603 1232 2674 Gallicae
1240 2615 1366 2669 mouetae
1377 2607 1471 2669 libra.

338 2731 407 2777 rum
427 2714 684 2790 r,094,500,000.
726 2697 789 2756 Nec
805 2696 914 2754 mirum
929 2688 1009 2754 tantis
1024 2691 1178 2754 exaslionc
1193 2691 1304 2754 Gallias
1318 2695 1356 2754 ad
1371 2711 1472 2758 extre·

338 2817 418 2865 mam
432 2794 581 2876 penuriam
593 2780 679 2845 soille
689 2780 833 2842 redaslas.
877 2785 930 2853 At,
948 2793 981 2839 ut
997 2779 1069 2839 mibi
1084 2795 1272 2860 compertum
1287 2777 1328 2844 est
1343 2782 1471 2844 cerrim-

338 2888 395 2951 mis
408 2881 532 2944 Gallicae
548 2869 734 2949 antiquitatis,
746 2869 956 2939 monumentis,
972 2861 1103 2928 mulrdm
1115 2868 1215 2928 aberat
1231 2881 1263 2927 ur
1275 2867 1469 2934 acerbisiimis

336 2973 372 3038 iis
384 2965 568 3051 temporibus
584 2957 685 3022 cadem
700 2951 777 3015 soret
792 2955 822 3014 in
838 2953 935 3015 Gallia
962 2953 1066 3033 populi
1092 2951 1257 3034 frequentia
1272 2973 1367 3035 quam
1391 2977 1470 3024 nunc

260 3071 263 3077 '
335 3055 588 3129 videmus‚immo
602 3043 652 3104 vix
668 3052 775 3124 quarta
788 3053 851 3100 erat
867 3042 981 3121 populi,
998 3059 1067 3120 quae
1097 3059 1176 3105 nunc
1198 3040 1346 3114 ridemus,
1375 3045 1468 3107 immo

281 3197 287 3213 r
337 3149 390 3208 vix
404 3154 510 3226 quarta
526 3148 589 3199 erat
603 3129 718 3214 populi,
732 3145 800 3206 quae
814 3144 893 3187 nunc
907 3125 959 3199 esi,
983 3128 1155 3207 quantitas3
1192 3125 1222 3187 ἂ
1248 3143 1345 3189 tameo
1366 3133 1468 3195 adbuc

338 3231 421 3296 Galli
454 3222 656 3310 persolvebant
692 3214 842 3275 tributum
865 3213 990 3274 Gallicae
1027 3213 1132 3275 noslrae
1166 3230 1294 3275 monetae
1321 3215 1468 3282 librarum

339 3340 379 3398 27
386 3317 459 3398 3‚62
464 3328 569 3395 5‚000.
612 3301 704 3386 Quod
720 3297 857 3380 quamsit
873 3296 1074 3381 portentosum
1104 3302 1134 3362 in
1152 3301 1188 3362 ea
1203 3299 1352 3383 paucitate
1368 3305 1467 3370 bomi-

335 3425 408 3471 num
423 3398 509 3462 sacile
522 3395 563 3458 est
577 3391 669 3456 cuivis
681 3386 852 3468 intelligere.
1288 3400 1293 3415 ¹

380 3487 485 3569 AEque
505 3478 591 3544 facile
610 3475 785 3556 intelligitur
807 3471 964 3535 Gallorum
990 3467 1114 3533 felicitas
1131 3466 1186 3534 sub
1200 3473 1321 3553 Juliano
1341 3477 1469 3544 Caesare.

335 3583 373 3642 In
395 3573 498 3637 eidem
509 3570 599 3643 enim,
614 3583 682 3646 quae
696 3559 841 3634 uuocest,
857 3560 960 3641 populi
975 3553 1156 3638 frequentis,
1171 3557 1270 3622 Gallia
1281 3581 1337 3642 pro
1353 3567 1469 3633 tributo

335 3663 534 3739 omnibusque
556 3650 729 3716 muneribus
745 3642 858 3708 tantum
885 3642 1057 3726 persolvisset
1071 3646 1197 3720 Gallicae
1219 3647 1322 3709 nostrae
1336 3669 1469 3718 monerae

335 3754 425 3816 libras
438 3743 512 3830 318,
516 3754 667 3825 5oo‚00o.
712 3735 839 3796 Adeam
855 3749 965 3806 autem,
981 3751 1047 3813 quae
1064 3748 1131 3796 tunc
1146 3748 1220 3810 erat,
1243 3739 1346 3816 popuii
1362 3744 1468 3820 pauci.

289 3860 301 3888 s
333 3839 426 3902 tatem
455 3828 584 3901 redacta,
609 3822 755 3906 pendebat
783 3816 901 3881 tannim
935 3817 1060 3881 Gallicae
1087 3818 1193 3882 nostrae
1221 3838 1356 3888 mouetae
1377 3827 1468 3894 libras

335 3928 567 4014 7⁴9r3752000'2,
586 3911 673 3974 Haud
692 3911 800 3970 mirum
827 3925 900 4009 ergo
918 3903 1025 3967 Gallos
1047 3906 1129 4002 tanti
1151 3907 1302 3970 alacritate
1319 3916 1469 4000 tantisque

330 4010 469 4094 tripudiis
483 4007 617 4065 laetrtram
633 3994 713 4057 suam
728 3992 783 4054 sub
795 3995 915 4071 Juliano
929 3989 1042 4054 Caesare
1052 3987 1137 4054 fuisse
1160 3992 1288 4056 testatos.

351 4102 354 4118 ¹
369 4103 457 4162 Nunc
468 4093 538 4152 verb
553 4086 574 4148 sr
588 4084 655 4166 quis
670 4081 710 4142 ad
723 4079 867 4181 fetroaiia
883 4093 1017 4179 tempora
1028 4080 1294 4157 mentemreducat',
1306 4079 1464 4170 &cogitet

247 4223 250 4228 -
328 4185 444 4265 Julium
470 4174 628 4246 Caesarem,
651 4169 828 4230 domitorem
847 4163 1018 4244 Galliarum
1039 4185 1106 4248 quae
1132 4182 1202 4230 tunc
1229 4171 1338 4252 magni
1356 4176 1460 4255 populi

327 4261 496 4356 frequentiis
510 4265 584 4344 (nou
597 4259 632 4324 ea
645 4271 756 4332 mmcd,
771 4271 864 4340 quam
879 4249 967 4316 finxit
988 4254 1035 4316 cl.
1051 4255 1089 4318 de
1113 4250 1332 4340 Montesquieu,
1359 4256 1461 4345 Esprit

738 4390 741 4394 ⁸
1412 4347 1458 4412 des
