3250 5259
360 600 401 664 30
652 548 1195 655 utre-truste*

355 749 517 827 accusator,
539 746 673 834 disquirit
691 767 727 815 ut
740 751 848 833 judex,
869 751 993 840 castigat
1007 755 1172 820 utuindex.
1216 751 1381 817 Estautem
1397 769 1489 814 com·

359 842 462 908 munis
475 836 603 902 hilioriae
618 835 772 922 sariraeque
784 839 941 934 eoipp‘nria,
962 865 1024 928 qua
1035 859 1167 922 caretm,
1188 835 1315 926 nequid
1342 840 1401 902 illa
1421 836 1486 899 ueri

356 951 454 1018 dicere
475 963 534 1006 nou
554 940 671 1019 audeat,
695 961 767 1004 neve
780 941 856 1021 quid
869 937 922 1006 iste
938 939 1069 1028 probrosr
1083 961 1202 1024 carpere
1214 942 1244 1004 8r
1257 955 1362 1004 notare
1371 937 1487 1000 sormi·

357 1039 418 1102 det:
463 1037 567 1114 ltaque
593 1047 660 1090 cum
687 1049 726 1092 ex
766 1045 868 1090 retum
897 1030 1045 1114 gestarum
1069 1031 1236 1113 cognitione
1258 1041 1489 1111 pravorumque

357 1139 475 1190 morum
499 1114 680 1181 correctione
693 1114 820 1179 habeam
836 1115 972 1183 homines
983 1117 1063 1180 uude
1075 1117 1282 1198 prudentiores
1296 1135 1332 1178 ac
1341 1114 1486 1176 meliores

359 1211 454 1284 linm3
478 1219 641 1284 utrumque
659 1217 758 1266 autern
772 1200 811 1263 ab
826 1200 948 1269 hilloria
968 1221 998 1268 et
1022 1202 1106 1265 satira
1123 1201 1333 1286 jucundissime
1354 1198 1487 1264 coniici-

359 1313 448 1368 atur;
479 1311 539 1356 uon
557 1287 770 1372 usquequaque
789 1311 941 1374 perperam
954 1289 1052 1356 feclffe
1063 1289 1266 1373 videntur,qui
1278 1289 1413 1372 ingeniis
1428 1303 1490 1348 una

314 1376 327 1407 s
357 1405 428 1450 cum
442 1379 566 1463 imperio
582 1375 950 1455 Romanosenescentibus,
974 1399 1044 1444 cum
1054 1381 1116 1458 jam
1130 1377 1222 1440 libros
1247 1378 1350 1438 animo
1368 1372 1485 1436 sallldi·

358 1486 426 1538 ente
446 1468 520 1531 male
534 1463 663 1549 singulos
683 1477 849 1546 tangerent,
860 1467 995 1551 adeoque
1009 1465 1157 1528 dostrinas
1171 1477 1207 1526 ut
1225 1483 1339 1526 venena
1353 1459 1487 1524 detesta-

357 1575 474 1630 rentur,
497 1552 668 1634 juvenalem
682 1565 713 1613 et
727 1555 858 1616 Marium
875 1557 1047 1617 Maximum
1071 1554 1218 1615 curatiore
1237 1550 1349 1627 studio,
1371 1560 1410 1609 ut
1439 1549 1485 1608 in-

359 1647 428 1730 quit
454 1640 629 1705 Ammianus
652 1639 855 1715 Marcellinus,
878 1640 1060 1714 lesiitabaut,
1085 1639 1168 1701 nulla
1194 1637 1348 1700 volumina
1374 1650 1488 1718 praeter

358 1734 425 1797 lutee
448 1732 478 1792 iu
497 1723 647 1812 profundo
664 1727 726 1788 otio
751 1727 979 1790 concremantes:
1004 1745 1107 1807 nempe
1122 1722 1262 1808 segnitiae
1277 1723 1339 1786 suae
1364 1723 1487 1786 delicias

356 1814 515 1892 faciebant,
535 1812 799 1897 exislimabantque
824 1816 969 1899 ingentem
1004 1813 1180 1896 scriptorum
1217 1812 1339 1874 turbam
1376 1810 1488 1892 negligi

358 1907 480 1990 impune
494 1920 583 1983 atque
597 1896 716 1981 iusuper
727 1900 842 1977 haberi,
864 1902 938 1964 dum
952 1900 1021 1965 esset
1040 1900 1119 1962 unde
1133 1902 1164 1962 8r
1183 1899 1320 1964 motibus
1334 1899 1487 1980 deprava-

358 1993 472 2057 tiffimis
486 2003 620 2052 extrema
634 1988 773 2063 remedia,
795 1989 826 2050 dr
852 1988 1040 2072 temporibus
1060 1985 1240 2051 difficillimis
1255 1980 1403 2067 estempla
1418 2003 1489 2046 cou-

358 2076 568 2150 venienrillima
578 2071 774 2155 suppeterent.
819 2077 980 2158 Nunquam
994 2077 1075 2140 enim
1097 2075 1172 2137 milri
1194 2070 1367 2156 persuaderi
1397 2072 1490 2154 patiar

361 2163 555 2231 Ammianum
569 2160 634 2222 haec
653 2159 724 2224 ideo
746 2159 856 2224 notasse
873 2178 907 2225 ut
917 2163 1068 2242 Juvenalis
1090 2175 1143 2223 aut
1169 2163 1295 2224 Maximi
1324 2159 1490 2222 sessionem

360 2258 437 2320 iuter
464 2246 769 2330 rerumpublicarum
794 2250 976 2332 corruptelas
1004 2263 1145 2331 poneret,
1182 2267 1250 2310 cum
1278 2244 1341 2330 ipse
1368 2248 1491 2329 quoties
1542 2274 1543 2287 ι

240 2405 244 2416 ,
360 2336 572 2428 philosophum
586 2334 657 2417 agit,
668 2355 728 2397 non
739 2354 833 2416 pauca
845 2339 1033 2401 commutatis
1045 2351 1161 2398 tanturn
1170 2331 1290 2416 syllabis
1303 2332 1493 2410 exJuvenale

364 2424 558 2493 transcribatr
587 2422 626 2484 de
649 2441 710 2506 quo
733 2425 821 2486 etiam
846 2424 905 2487 hoc
921 2427 1003 2488 omni
1024 2423 1230 2486 asseveratione
1251 2420 1437 2494 affirmetur,
1465 2418 1494 2481 dt
1542 2488 1543 2495 p

366 2512 438 2600 ipsae
465 2510 590 2576 sedecim
610 2509 702 2570 satirae
718 2510 863 2586 clamant,
897 2511 972 2575 adeo
1001 2511 1190 2593 pertinaciter
1221 2507 1301 2570 vitiis
1337 2504 1491 2570 insensum
1542 2522 1543 2579 l

364 2601 461 2674 fuisse,
484 2613 518 2660 ut
540 2614 609 2660 cum
641 2596 676 2658 iis
703 2596 839 2659 homines
866 2616 927 2660 unt
952 2596 1106 2680 saepissime
1129 2595 1302 2678 flagellaret.
1356 2597 1494 2659 Marium

361 2709 434 2753 reru
449 2684 618 2748 Maximum
631 2680 683 2746 etsr
698 2703 788 2766 opera
801 2685 876 2764 ejus,
892 2706 959 2768 quae
968 2681 1168 2748 verbosrlslma
1181 2681 1212 2744 dt
1226 2682 1354 2746 minutis
1366 2681 1494 2745 historiis

361 2773 513 2857 implicata
539 2767 628 2832 fuisse
650 2768 767 2833 Flauius
792 2771 938 2854 Vopiscus
965 2785 1111 2844 autumat,
1143 2770 1362 2845 interciderint,
1390 2785 1491 2832 tamen

365 2861 519 2928 ssreuuum
543 2856 644 2918 vixisse
663 2855 812 2919 bonarum
828 2861 958 2940 partium
983 2857 1155 2923 sedatorem
1179 2857 1333 2920 declarant
1357 2858 1491 2939 plurima

363 2969 435 3034 qnae
448 2966 487 3012 ex
506 2965 544 3008 eo
558 2942 759 3024 Lampridius,
781 2947 954 3026 Spartianus
978 2944 1011 3010 dt
1025 2947 1076 3008 alii
1090 2941 1220 3007 historiae
1232 2942 1383 3028 Auguslae
1399 2942 1492 3026 scrip-
1541 2974 1542 3019 l

326 3053 328 3064 ·
361 3043 444 3100 'tores
469 3032 689 3096 commentariis
714 3027 772 3094 suis
797 3032 980 3099 indiderunt.
1025 3035 1168 3095 Dicamus
1189 3033 1281 3114 igitur
1303 3029 1397 3094 hosce
1419 3033 1494 3093 rluos
1541 3052 1542 3101 l

365 3122 502 3185 sudores
526 3132 561 3180 ut
584 3115 714 3180 civilium
741 3116 943 3184 doslrinarum
957 3119 1133 3202 compendia
1149 3117 1300 3199 quaedam,
1325 3117 1414 3181 illius
1439 3119 1492 3180 aeui
1541 3112 1543 3167 i

366 3208 500 3273 delicatis
514 3203 641 3266 maxime
657 3201 812 3284 placuisse:
833 3208 963 3270 Marium
980 3206 1101 3290 quidem
1117 3208 1300 3280 Maximum,
1323 3221 1362 3267 nt
1376 3203 1496 3288 copiosa
1541 3198 1542 3273 l

367 3291 575 3376 exemplorum
596 3292 737 3353 varietate
764 3293 954 3373 locupletem,
977 3292 1011 3357 dt
1034 3291 1136 3354 omnia
1163 3287 1318 3354 Caesarum
1352 3291 1495 3370 historica

367 3381 523 3446 uberrimis
538 3373 706 3458 septenariis
719 3377 914 3459 complexum
927 3405 938 3455 ς
964 3382 1136 3455 juvenalem
1165 3399 1238 3441 vero
1253 3393 1289 3440 ut
1317 3377 1496 3462 magistrum

367 3469 474 3532 ueteris
488 3463 694 3547 disciplinatae
708 3466 799 3538 totius
814 3464 884 3527 vitae
904 3468 1042 3528 humanae
1055 3463 1206 3529 censorem
1220 3465 1442 3550 gravissimum,
1465 3469 1497 3529 in

367 3573 473 3620 arcana
487 3549 546 3634 ipsa
570 3569 686 3612 morum
709 3549 906 3615 summocum
933 3555 1058 3635 imperio
1072 3569 1286 3636 penetrantem.
1334 3557 1495 3616 Summum

366 3660 442 3705 voce
456 3641 612 3718 imperium
633 3633 754 3700 excelsae
781 3641 892 3701 mentis
921 3637 1081 3703 sublimem
1110 3639 1233 3722 stylum,
1256 3659 1321 3720 quo
1350 3637 1382 3702 se
1407 3638 1494 3722 supra

353 3727 538 3792 ‘mortalium
564 3722 735 3786 nobilissima
770 3725 867 3807 erigit,
901 3724 1055 3789 &omnia
1075 3727 1125 3790 illa
1157 3742 1302 3808 tanquam
1330 3747 1494 3810 puerorum
1540 3754 1541 3757 ¹

367 3832 462 3898 pupas
476 3813 504 3876 ἃ
519 3809 681 3899 crepundia
695 3807 827 3893 despicit,
850 3827 884 3875 ut
907 3812 996 3875 sollus
1022 3815 1145 3876 virtutis
1158 3815 1307 3876 rationem
1325 3814 1495 3878 habendam
1540 3874 1541 3893 ἢ

276 3925 280 3932 ·
366 3899 423 3966 esse
438 3893 667 3960 commonstret:
690 3913 767 3974 uam,
791 3913 826 3960 ut
852 3919 886 3962 ea
912 3902 1065 3963 mittamus
1112 3921 1160 3962 uae
1174 3898 1243 3962 sunt
1257 3900 1382 3980 publica
1408 3901 1439 3964 dt
1458 3904 1495 3962 ob
1540 3916 1541 3975 l

284 3997 288 4016 ’
366 3985 471 4050 oculos
488 3981 625 4045 omnium
651 3977 750 4064 polita,
775 3999 847 4068 puta
872 3990 1069 4067 impietatem,
1088 3921 1211 4060 tsallum,
1234 3989 1407 4062 avaritiam,
1432 3990 1493 4051 libi·
1540 3982 1541 4043 l

369 4073 480 4141 dinem,
502 4069 604 4161 iniqua
629 4071 951 4152 tyrannicaepotestatis
966 4075 1101 4154 imperia,
1123 4094 1195 4154 quae
1209 4073 1282 4136 totis
1307 4070 1409 4137 satiris
1432 4097 1494 4158 per·

368 4157 513 4238 sequitur,
536 4159 557 4212 lt
574 4154 694 4234 privata,
718 4155 756 4214 ad
783 4177 852 4238 quae
877 4156 937 4238 ipse
963 4161 1099 4242 quamvis
1124 4161 1156 4222 iu
1177 4156 1349 4224 transcursu
1364 4162 1495 4236 divertit,

369 4243 510 4322 inspicere
530 4239 614 4313 libet,
636 4241 853 4320 comperiemus
867 4247 954 4308 etiam
967 4248 1005 4308 in
1020 4249 1138 4328 iisquae
1159 4247 1303 4330 praeclara
1313 4246 1497 4331 sapientibus

369 4330 519 4399 videntur,
543 4325 685 4386 nonnulla
705 4325 844 4392 censoriae
868 4328 1027 4395 severitatis
1045 4331 1164 4413 judicio
1179 4343 1217 4396 ac'
1231 4337 1396 4399 nutatione
1422 4334 1497 4399 haud
1539 4328 1540 4393 3

369 4413 519 4480 immerito
540 4409 624 4474 luisse
637 4409 799 4497 perstridt.
844 4419 970 4504 Qidiu
984 4417 1119 4486 universa
1133 4421 1319 4489 humaniore
1331 4423 1499 4490 litteratura

1424 4527 1501 4596 ptrut
1539 4524 1540 4619 q

1539 4654 1541 4779 l

1537 4926 1539 5055 l
