3250 5259
480 458 549 523 DE
588 403 997 526 vuitiLLAltus'

184 633 253 696 iam
268 633 340 718 quia
356 629 465 709 tirones
480 636 579 697 minus
595 631 684 714 firmi,'
706 651 811 696 eorum
823 627 892 695 olus
905 627 966 694 fuit
981 629 1115 711 maxime
1127 628 1270 700 indefen-

149 718 260 784 deudis
287 717 417 804 oppidis,
432 717 549 798 castris,
572 721 666 784 verbo
691 719 843 802 praesidiis
872 717 1007 802 agendis,
1030 718 1085 782 ubi
1106 720 1217 785 vallum
1241 741 1273 790 er
1303 724 1307 731 '
1342 783 1346 802 ,

147 809 228 870 muri
242 808 358 872 addunt
370 804 514 883 animum,
538 807 704 882 defenduut
730 804 931 888 minuuntque
956 807 1144 889 periculum:
1169 808 1200 872 iu
1225 811 1272 874 tess

99 901 104 909 '
149 895 258 980 geudis
268 895 340 960 aciei
355 895 506 972 lateribus,
530 897 561 958 in
575 915 653 980 quae
667 913 725 958 non
740 890 889 956 incumbit
905 908 967 956 tota
980 891 1108 959 'hostilis
1121 898 1198 960 acies
1211 915 1272 962 etc.

151 984 251 1063 Atqui
265 983 369 1048 eade'ur
393 986 499 1047 munia
521 984 633 1046 tributa
661 981 818 1048 vexillariis
843 980 925 1061 apud
942 982 1098 1060 Tacitum,
1119 981 1192 1047 loeis
1213 987 1273 1052 iam

153 1068 296 1146 laudatis,
317 1068 455 1134 vidimus.
480 1071 521 1152 Α.
535 1073 561 1147 Ι,
585 1067 637 1154 38.
661 1071 701 1132 H.
724 1071 762 1141 ll,
785 1085 836 1146 24·
857 1082 917 1132 etc.
1219 1151 1221 1155 .

192 1155 314 1240 Restat,
336 1171 369 1220 ut
392 1157 557 1236 videamus,
580 1177 673 1238 quare
687 1157 822 1221 vexillari
841 1151 914 1216 uitii
932 1151 989 1219 lint
1002 1153 1035 1219 hi
1051 1155 1160 1239 potius,
1178 1170 1272 1243 quadr
1300 1223 1307 1235 ,

120 1294 123 1299 .
152 1249 293 1316 veterani,
318 1243 476 1307 auxiliares
502 1245 635 1324 eloqui
663 1263 765 1306 omues
790 1239 846 1306 sub
870 1241 994 1304 vexillis.
1039 1241 1074 1305 ld
1088 1244 1188 1324 potuit
1209 1246 1273 1310 fieti

130 1331 182 1394 ‘'in
200 1333 344 1400 honorem
360 1332 498 1407 militum,
520 1333 574 1415 qui
588 1334 646 1410 {aru
679 1332 744 1396 luta
771 1326 915 1412 stipendia
942 1324 1088 1405 fecissena¹
1109 1347 1203 1416 utque
1223 1332 1272 1398 cs-

152 1416 216 1482 seut
242 1419 353 1502 gradus
382 1421 503 1480 militiae
528 1418 636 1502 plures,
657 1351 896 1498 iionoratiotque
922 1415 1027 1478 militia
1049 1420 1148 1497 (cuius
1171 1420 1272 1504 paliitu

148 1497 267 1583 meniio
290 1527 339 1588 ap.
364 1507 522 1588 Tacitum)
548 1505 733 1586 reliquorum
762 1505 1007 1586 legionariorum,
1028 1505 1199 1572 honoratior
1214 1511 1272 1571 ite·
1373 1551 1375 1554 >

157 1614 227 1658 rum
254 1609 445 1657 evocatorum
466 1609 682 1655 veteranorum.
727 1592 862 1655 Maxime
883 1593 1031 1654 autemid
1059 1590 1174 1656 salitum
1200 1611 1278 1678 puto

158 1695 327 1764 propterea,
382 1683 453 1762 quia
498 1676 554 1758 hoc
600 1699 694 1763 genus
722 1680 852 1742 militum
887 1673 1057 1758 frequenter
1098 1701 1117 1742 a
1150 1701 1278 1766 corpore

155 1771 284 1851 legionis
301 1766 367 1830 luae
382 1766 607 1842 amandabatur,
620 1767 658 1829 ad
672 1765 810 1848 praesidia
823 1763 948 1848 agenda,
963 1765 1000 1826 ad
1016 1771 1077 1830 vias
1089 1770 1277 1847 muniendae,

158 1863 276 1939 pontes,
300 1853 606 1940 aggeres'struetidos,
630 1856 700 1917 alias
725 1856 854 1937 legiones
878 1849 1049 1928 firmandas,
1072 1855 1280 1941 exercitusque

156 1942 334 2026 augendos:
358 1939 393 2005 ut
419 1959 515 2005 tamen
530 1939 596 2004 suas
612 1943 687 2005 vires
702 1944 781 2026 legio
795 1940 927 2014 haberet,
946 1954 977 2000 et
991 1942 1098 2005 tirones
1124 1945 1280 2008 firmaren-

139 2079 142 2084 Α
158 2046 212 2094 tur
229 2029 283 2092 usu
298 2047 328 2092 et
341 2032 551 2094 exercitatione
565 2029 717 2110 paullatim
733 2029 771 2092 ad
783 2027 920 2110 graviora
935 2026 1055 2091 militiae
1070 2049 1192 2094 munera
1212 2029 1277 2095 sus·
1384 2045 1387 2050 ·

144 2117 300 2192 tinentia.
326 2123 448 2200 *ltaque
467 2115 548 2197 saepe
572 2113 627 2178 iub
641 2115 756 2182 vexillis
771 2130 869 2190 erant,
890 2113 928 2174 de
941 2133 1025 2177 more
1035 2118 1164 2194 militiae,
1187 2137 1280 2205 prop·
1449 2108 1453 2118 ¹

159 2220 207 2268 ter
233 2201 394 2268 absentiam
418 2226 435 2266 a
460 2203 574 2288 legione
600 2200 662 2281 stra,
692 2203 776 2286 saepe
803 2201 989 2265 diuturnam.
1032 2204 1119 2271 Vnde
1138 2205 1281 2283 facillime
1319 2261 1321 2263 ,

156 2289 288 2368 fastum,
311 2308 346 2373 ut
360 2289 506 2356 vexillarii
516 2288 684 2373 umplicirer
698 2312 727 2357 et
738 2290 858 2377 proprie
871 2287 1048 2353 dicerentur.
1329 2301 1333 2308 ·
