3250 5259
593 611 612 708 <
662 617 813 756 43η),

104 893 343 990 ιεΑΑσΙ,
375 895 743 990 ctsnuuout
795 868 863 980 ru
929 866 1272 994 PER'sttJutg

366 1065 947 1202 rnonnoounnt

107 1291 318 1442 SATIRAM
340 1294 511 1360 Romanam
534 1297 596 1362 duo
609 1298 663 1364 iliu
678 1297 830 1386 praecipue
853 1299 1058 1364 constituuntt
1079 1292 1218 1371 dntiript

171 1383 305 1457 moralis,
319 1385 472 1448 urbanitas
487 1383 516 1446 dt
530 1383 612 1449 sales.
632 1403 739 1452 caeteta
758 1390 934 1453 communia
949 1385 1017 1448 sont
1031 1383 1095 1462 ejus
1107 1383 1215 1466 poetis,

104 1486 166 1530 cum
186 1469 252 1532 aliis
280 1469 396 1532 multis:
420 1490 558 1544 acumen„
574 1473 745 1552 disserendi,
765 1474 926 1558 eloquendi
951 1471 1090 1546 facultas,
1111 1488 1217 1533 nume·

104 1574 198 1618 torum
225 1559 434 1622 concinnitas:
456 1558 554 1622 anima
580 1562 661 1637 vero,
685 1580 720 1628 ut
738 1561 778 1628 stc
805 1562 912 1638 dicam,
933 1558 964 1621 dt
984 1558 1046 1648 ὅρος
1063 1553 1113 1628 ric
1129 1551 1216 1627 sesae

104 1655 161 1734 ejus
178 1655 317 1722 carminis
337 1655 387 1734 esi,
410 1659 552 1723 vitiomm
574 1648 736 1739 insestutio,
758 1662 789 1726 dt
815 1660 854 1725 ad
868 1663 1013 1725 virtutem
1029 1654 1216 1718 cohortatiot

104 1742 136 1804 ud
150 1763 219 1824 quae
233 1743 410 1826 perficienda
430 1741 537 1810 salibus
550 1745 580 1808 dt
594 1751 671 1827 jocis
685 1765 830 1835 tanquam
843 1748 904 1812 telo
925 1745 1033 1809 utitur.
1055 1741 1145 1804 habet
1158 1745 1220 1805 hoc

105 1831 191 1892 Satira
204 1835 340 1894 Romana
352 1853 421 1896 cum
438 1834 539 1898 ethico
561 1835 741 1920 philosopho
761 1856 933 1909 oomtuune‚
954 1830 1039 1916 quod
1068 1828 1107 1891 de
1126 1829 1220 1891 mori·

106 1915 156 1978 bus
171 1917 302 1980 truslot:
326 1917 376 1982 sed
391 1918 572 1984 trasiationis
598 1927 736 2006 proprius
755 1922 798 1988 est
818 1923 936 1990 modus.
962 1919 1052 1981 docet
1067 1915 1140 1977 hice
1165 1915 1217 1978 illa

104 2001 259 2084 plurimum
274 2002 397 2090 castigat
410 2028 418 2070 :
432 2023 567 2070 naturam
579 2007 610 2072 dt
622 2009 731 2076 cuuffns
743 2015 890 2076 virtutum
902 2006 1088 2072 novitiorum
1102 2003 1221 2066 ethicus

104 2091 246 2174 inquirite
270 2091 401 2156 satiricus
424 2097 513 2176 posta
541 2094 661 2162 vitiosos
686 2095 749 2163 sere
776 2098 943 2180 objurgat:
975 2092 1074 2156 bonos
1102 2090 1220 2172 parcius

104 2177 198 2242 laudat
221 2177 252 2242 dt
278 2181 384 2246 rarius·
410 2196 550 2264 praeterea
576 2182 706 2250 censurae
732 2184 793 2250 suae
809 2182 982 2262 scommata,
1003 2177 1106 2252 risum,
1127 2189 1220 2260 atquc

104 2273 247 2338 interdum
265 2276 356 2340 etiam
373 2277 520 2339 comicum
543 2270 741 2361 &dyopermlu
770 2267 966 2358 βωμολοχίαν
998 2275 1131 2340 satiricus
1161 2275 1218 2340 ad-

106 2367 218 2432 miscet:
241 2368 390 2448 quonihil
416 2365 573 2432 alieniusti
596 2365 748 2436 severitate
773 2364 991 2453 philosophica.
1012 2392 1080 2436 nam
1099 2374 1221 2453 cynicos

105 2453 254 2519 &similis
282 2455 455 2538 petulantiae
479 2453 641 2538 magistros,
665 2475 772 2538 praeter
794 2455 930 2524 habitum
954 2458 1030 2521 nihil
1056 2461 1220 2543 quicquam

105 2553 346 2639 philosophorum
370 2549 500 2618 habuisse
522 2565 649 2616 certum.
669 2549 820 2618 ἱδιαίτατου
833 2551 904 2615 veri>
918 2555 1034 2634 Satirae,
1057 2560 1144 2622 metri
1158 2558 1221 2625 lex.

107 2649 200 2720 Minus
213 2651 295 2718 reue
308 2651 414 2718 sentire
427 2675 487 2730 eos,
510 2656 564 2736 qui
577 2655 742 2736 Romanurn
754 2644 878 2712 Satiram
892 2668 962 2712 cum
973 2653 1151 2721 Graecorum
1167 2654 1223 2716 Su·

108 2747 191 2826 tyrica
205 2738 286 2826 po‘e‘sr
298 2757 481 2825 comparant,
503 2756 538 2803 ut
551 2740 589 2803 ab
603 2741 655 2802 illa
668 2751 775 2808 ortam,
799 2729 867 2798 satis
887 2738 1078 2817 probavimus
1090 2759 1128 2802 eo
1143 2738 1223 2804 libro
1247 2736 1253 2745 ’

108 2851 190 2913 quem
203 2831 243 2893 de'
265 2845 396 2914 utraque
420 2829 472 2892 illa
492 2826 572 2912 po'e'sr
597 2825 630 2888 in
654 2824 781 2909 gratiam
805 2821 974 2886 nobilillimi
1003 2825 1222 2910 doctissimique

107 2921 167 2994 tiri,
189 2916 334 2997 Johannis
361 2916 399 2979 de
426 2917 503 2979 Rieu
529 2919 717 2978 Rutenorum
745 2908 889 2992 praefidis,
910 2908 1034 2975 duobis
1064 2910 1220 2996 scriptum,

108 3004 201 3068 Persio
210 3005 358 3068 comitem
382 3001 553 3082 adjecimus.
598 2997 677 3063 Ciun
704 3011 804 3060 autem
834 3000 926 3060 trium
948 2998 1092 3062 Romanae
1113 3002 1222 3064 Satirae

108 3097 271 3176 po'e'tarum,
293 3091 419 3164 Horatii,
441 3087 541 3164 Persi,
563 3090 593 3150 ἃ
608 3084 770 3168 Juvenalis‚
790 3083 871 3148 idem
884 3082 920 3146 sit
934 3086 1128 3168 propositum,
1141 3087 1223 3152 idem

108 3178 219 3264 scopus,
240 3197 329 3258 quem
343 3174 412 3240 ante
437 3177 588 3238 diximus:
611 3194 718 3257 magna
742 3187 842 3234 tamen
864 3173 942 3258 inter
964 3170 1042 3254 ipsos
1070 3172 1113 3237 est
1133 3173 1223 3240 diffe.

107 3268 211 3332 tentia:
240 3263 323 3345 quod
339 3265 465 3328 brevitet
479 3262 529 3325 lric
542 3261 694 3325 ostendere
715 3257 942 3322 constituimus:
958 3279 1020 3322 non
1044 3281 1081 3324 eo
1098 3262 1223 3345 quidem

108 3358 210 3432 animo,
234 3365 272 3414 ut
291 3353 382 3414 alium
396 3349 447 3414 ulii
456 3347 613 3413 ambitiose
625 3362 848 3429 anteponamus.
861 3343 900 3408 sic
912 3346 991 3407 enim
999 3347 1222 3430 existimamus:

107 3462 205 3506 omnes
219 3436 277 3504 elle
290 3440 426 3512 eximios,
448 3457 551 3500 omnes
566 3436 647 3499 ledlu
662 3434 852 3518 dignissimos,
876 3431 906 3492 u
917 3434 971 3514 qni
987 3434 1106 3518 diverfis
1127 3438 1221 3499 virtu·

108 3531 183 3594 tibus
209 3526 331 3589 laudern
346 3545 437 3607 prope
459 3543 559 3606 parem
586 3523 642 3585 lint
657 3517 821 3584 consecuti.
849 3517 898 3581 sed
914 3520 1038 3602 quando
1058 3540 1153 3604 neque
1179 3523 1225 3602 hi,
1265 3547 1269 3554 ·

110 3637 202 3701 neque
235 3614 362 3676 omnino
393 3608 549 3694 quisquam
579 3608 749 3672 mortalium
786 3603 886 3670 πάντα
920 3605 1062 3700 aucupiis
1093 3607 1227 3693 πεφυκῶς

109 3703 223 3788 ἐγένετο,
255 3709 373 3773 munire
396 3707 472 3770 viam
482 3706 634 3787 juventuti
649 3705 798 3778 volumus,
821 3703 860 3764 ad
882 3701 1065 3766 aeslimandas
1093 3703 1226 3788 ipsorum

108 3804 230 3865 virtutes
240 3795 356 3882 judicio
370 3794 452 3856 recto
467 3817 476 3854 ε
498 3802 528 3864 &
542 3788 723 3876 α’ποτυχίας,
758 3789 853 3871 srquae
865 3791 923 3850 illae
938 3786 1016 3866 sunt,
1038 3791 1225 3858 animadver-

109 3897 222 3963 tendas.
247 3915 308 3982 qua
320 3896 352 3958 in
362 3913 404 3967 re,
415 3891 485 3955 crim
497 3889 543 3952 vel
558 3886 736 3952 suavissimus
750 3888 916 3952 studiorum
932 3885 1043 3972 positus
1053 3891 1089 3953 fit
1099 3886 1228 3971 frudini,

107 3985 266 4050 difficultas
283 3983 342 4046 fine
362 3975 560 4043 controversa
581 3972 710 4039 versatur
728 3979 870 4040 maxima.
900 3975 1041 4058 praeclari
1064 3984 1144 4045 enim
1170 3980 1230 4043 hoo

108 4072 268 4156 Dionysius
287 4069 456 4151 Longinus„
478 4079 514 4128 ut
536 4063 594 4127 alia
610 4063 713 4126 multa.
736 4062 752 4133 si
781 4063 834 4129 τῶν
850 4057 958 4148 λὸγων,
992 4076 1104 4154 inquit,
1125 4065 1228 4157 κρίσις,

109 4171 219 4246 πολλῆς
263 4170 312 4240 iri
330 4161 337 4166 ⁸
353 4160 448 4256 πεῖρας
492 4162 652 4230 τελευτοῖιον
696 4161 881 4247 ἐπιγέννημα.
911 4182 966 4225 nos
987 4159 1061 4222 verti
1098 4179 1131 4226 ut
1160 4165 1232 4229 huic

109 4269 189 4334 oneri
212 4265 390 4337 subiremus,
413 4281 472 4325 uon
501 4260 695 4323 humerorum
724 4257 846 4334 fiducia,
870 4256 920 4321 sed
946 4256 1074 4340 publicae
1096 4259 1233 4323 utilitatis

111 4357 240 4421 lludium
267 4351 426 4435 compulit.
469 4346 594 4412 Accedit
621 4346 693 4426 huc,
715 4347 799 4428 quod
819 4341 1069 4410 consentientibus
1099 4362 1233 4408 veterum

112 4442 269 4531 suffragiis,
293 4441 347 4527 qui
364 4439 483 4525 po'c'ttm
509 4431 645 4500 nostrum
673 4429 772 4500 mirati
793 4429 885 4498 sunta
908 4428 1117 4512 ausioritstem
1126 4430 1234 4582 judipii

258 4543 262 4554 ’
551 4532 557 4546 ’
737 4533 741 4545 ‘
1177 4519 1236 4584 -ui
