3250 5259
355 527 396 596 ⁶2
604 526 1206 634 oasnnvavtouua
1288 513 1295 524 ‘

351 708 466 770 ventes,
488 690 573 756 &it'a
594 690 668 756 iufra
692 695 828 780 paginam
850 694 968 778 positas,
990 710 1025 759 ut
1042 693 1132 776 nullis
1144 691 1374 758 annotationum
1386 687 1480 774 signia

352 785 454 847 textus
474 781 653 863 impediatur
668 783 727 863 (1).
771 785 900 865 Cupiam
920 783 1001 847 idem
1021 783 1178 846 lectionem
1213 780 1369 864 vulgatam
1382 776 1480 860 quam

322 935 325 944 ,
351 865 486 936 citiffime
506 870 609 950 reponi
638 869 680 930 ob
707 869 811 931 oculus
832 869 960 945 iesioris,
982 866 1229 952 quia,'videlicet,
1240 885 1338 948 quum
1355 867 1380 926 ia
1393 866 1482 945 poffit

356 955 562 1022 nitidiffimum
589 955 619 1014 in
649 957 685 1016 ed
712 956 845 1020 lessione
865 956 975 1020 sensum
999 958 1126 1040 reperire
1150 956 1180 1018 in
1206 956 1266 1038 qua
1296 968 1330 1013 tu
1357 952 1482 1014 nullum

352 1041 494 1126 teperilli,
517 1055 571 1102 aut
595 1059 690 1120 quum
718 1042 780 1125 ipsa
805 1043 984 1106 adulteratio
1008 1044 1065 1124 ipsi
1100 1041 1222 1106 sorsttan
1248 1037 1476 1102 restitutionem

350 1130 574 1214 suppeditatum
590 1127 624 1188 stt
638 1129 799 1194 feliciorem
814 1131 901 1194 simul
915 1129 946 1192 dt
960 1133 1126 1207 certiorem,
1151 1131 1210 1193 hoc
1220 1127 1264 1190 illi
1273 1125 1478 1189 commodum

352 1215 507 1284 confestim
538 1212 643 1278 alierre
678 1216 777 1295 debes,
811 1238 867 1284 nec
902 1219 987 1282 illum
1021 1237 1128 1304 eogere
1160 1232 1196 1279 ut
1229 1214 1262 1278 id
1295 1211 1480 1296 &longiori
1531 1266 1532 1291 ι

348 1305 484 1372 accersat.
1146 1315 1151 1324 ‘

393 1390 453 1456 Hic
472 1411 535 1455 eam
556 1387 675 1456 resumo
695 1388 904 1470 objectionem,
927 1409 1018 1474 quam
1042 1389 1064 1456 st
1087 1411 1147 1455 non
1176 1391 1334 1473 integram,
1357 1401 1390 1449 at
1412 1387 1479 1467 ejus

351 1476 432 1542 uerte
449 1495 558 1561 partem
570 1477 671 1540 refelli.
717 1474 825 1540 Statim
839 1495 928 1560 atque
940 1479 1069 1541 editores
1082 1476 1136 1542 fibi
1158 1478 1246 1542 licere
1257 1475 1479 1539 existimabunt
1532 1468 1533 1547 l

351 1567 471 1650 propria
494 1562 622 1647 ipsorum
645 1564 762 1626 inventa
790 1567 817 1628 ei
837 1566 956 1628 leslioni
978 1563 1138 1649 subrogare
1169 1583 1259 1646 quam
1288 1561 1478 1642 judicabunt

352 1653 409 1716 else
433 1650 576 1728 vitiosam,
607 1651 754 1714 limitibus
785 1655 848 1732 jam
873 1651 1005 1726 sublatis,
1043 1655 1143 1714 nultus
1163 1654 1220 1714 erit
1250 1649 1387 1712 licentiae
1414 1663 1476 1710 ter·

351 1744 473 1805 minus:
496 1737 561 1801 suas
576 1735 774 1819 unusquisque
798 1739 981 1820 conjesiuraa
1008 1759 1062 1820 pto
1089 1740 1154 1824 ipsa
1169 1737 1293 1800 veritate
1318 1735 1475 1808 babebita

354 1843 456 1892 textus
472 1826 616 1908 quossibet
631 1823 738 1906 singuli
756 1825 967 1890 deformabunt
983 1827 1075 1909 magis
1089 1847 1123 1889 ac
1149 1829 1244 1909 magis
1271 1822 1303 1884 de
1324 1822 1475 1884 adultera·
1533 1854 1534 1857 ι

353 1915 433 1980 bunt
444 1911 518 1975 dum
535 1911 611 1995 ipsos
622 1913 744 1974 credent
759 1911 849 1976 sanari
866 1909 923 1974 ase
938 1910 971 1976 dc
983 1914 1147 1990 emendari,
1169 1915 1200 1976 dr
1213 1906 1406 1998 proscriptis
1424 1929 1476 1972 an·

352 1999 445 2085 tiquir
454 1998 559 2080 scripta
572 1997 690 2060 tandem
705 2002 866 2062 recentiora
878 1999 1068 2082 accipiemus.
1264 2024 1268 2036 ’

395 2088 445 2150 Ad
463 2087 527 2148 haec
542 2083 722 2165 respondebo
744 2087 911 2148 libertatem
934 2087 1100 2150 editoribus
1113 2083 1289 2160 concessam,
1308 2078 1330 2144 sa
1353 2080 1476 2168 legibus

353 2177 384 2238 br
400 2173 509 2256 regulis
524 2169 613 2234 modb
623 2169 767 2252 expositis
782 2188 963 2248 coerceatur,
985 2193 1044 2236 non
1073 2169 1263 2256 perniciosam
1276 2167 1345 2233 sore
1364 2172 1395 2232 u
1417 2167 1474 2232 de-

354 2255 575 2330 trimentosam;
597 2273 627 2320 at
642 2257 752 2320 etiamst
766 2260 801 2320 cai
821 2259 958 2324 libertate
971 2261 1162 2324 abuterentur
1186 2257 1270 2322 laevae
1285 2257 1397 2320 mentia
1418 2255 1475 2319 bo·

352 2351 455 2424 minen,
478 2365 538 2410 non
554 2344 622 2408 ideb
636 2344 837 2428 prohibendos
861 2343 917 2408 esse
929 2345 1008 2408 viros
1023 2344 1143 2432 egregie
1156 2345 1294 2410 cordatos
1308 2341 1476 2426 quominus

351 2435 459 2504 eadem
484 2445 604 2496 utantur
627 2431 665 2494 ad
693 2433 840 2496 bonarum
864 2433 1029 2496 litterarum
1050 2431 1219 2498 utilitatem.
1264 2430 1477 2504 Praerereasr
1534 2424 1535 2459 l

351 2524 447 2588 editor
470 2519 644 2582 temerarius
658 2517 688 2580 in
711 2523 835 2584 nimiam
862 2536 1039 2603 prorumpat
1060 2521 1218 2593 licentiam,
1242 2517 1263 2582 fi
1284 2519 1391 2582 alienis
1413 2537 1476 2581 non

351 2624 462 2693 parcat,
485 2609 515 2668 &
536 2606 584 2666 illa
609 2603 734 2668 invertat
763 2623 905 2688 tanquam
926 2605 976 2670 sua
992 2608 1093 2682 esseut,
1112 2629 1157 2669 eae
1181 2625 1251 2688 quae
1265 2602 1479 2690 praec'efferunt

287 2693 292 2701 '
351 2695 496 2760 editiones
518 2691 712 2754 remanebunt
726 2690 837 2775 semper
851 2693 1038 2771 inconcussa,
1061 2691 1135 2758 dum
1149 2694 1347 2776 imprudentia
1362 2693 1478 2779 ingenii

351 2777 1475 2948 lllt‘t‘et'tllitslllbill§liltiilltlillffili
1535 2824 1536 2845 l

349 2956 485 3022 decidui
499 2949 528 3014 δι
541 2953 657 3032 οριίιιιο
666 2954 780 3032 judicio
794 2954 922 3036 prediti,
944 2951 1050 3038 saepius
1065 2968 1182 3018 textum
1204 2886 1478 3017 emendamntgds

349 3043 476 3126 propriis
509 3038 695 3119 conjesiuris,
729 3061 781 3104 nec
806 3037 876 3102 iude
899 3040 982 3104 aliud
1000 3042 1127 3125 contigit
1149 3041 1340 3116 incommodi,
1379 3038 1474 3122 quam

307 3131 313 3145 '
348 3128 432 3212 qubd
448 3123 611 3191 elucidatas
624 3124 661 3187 fit
674 3125 758 3192 locus
775 3125 917 3207 difficilia,
938 3125 970 3190 dt
990 3143 1142 3211 corruptae
1164 3127 1285 3191 lectioni
1306 3125 1472 3212 subrogata

348 3217 385 3280 sit
400 3213 488 3276 leslio
503 3212 685 3294 primigenia.

392 3298 440 3362 llli
458 3296 529 3360 verb
548 3298 708 3380 objectioni
736 3318 794 3362 nou
814 3296 1050 3385 respondendum
1065 3301 1121 3364 else
1143 3299 1283 3376 arbitror,
1306 3295 1419 3363 scilicet
1434 3299 1474 3364 ab

350 3387 466 3454 editore
487 3383 592 3466 quovis
616 3398 730 3447 textum
759 3388 934 3450 emendante
959 3401 1074 3452 textum
1097 3388 1199 3450 haberi
1225 3387 1382 3452 evidenter
1405 3407 1474 3449 cor·

350 3489 485 3556 ruptum,
509 3473 648 3551 huncque
661 3469 702 3533 ob
726 3493 790 3534 eam
814 3472 930 3538 causam
950 3475 992 3537 ab
1018 3475 1084 3555 ipso
1109 3471 1272 3537 emendari.
1317 3475 1471 3556 Equidem

350 3559 444 3632 fateor
467 3558 542 3620 falsa
570 3557 724 3620 evidentiae
750 3557 843 3642 specie
865 3560 945 3646 polle
971 3560 1059 3625 illudi
1085 3562 1214 3644 aliquos,
1233 3559 1363 3645 idedque
1383 3563 1473 3624 etiam

1381 3665 1474 3733 arque

349 3816 421 3869 deret
431 3811 539 3866 omninb
551 3813 574 3864 δι
586 3827 774 3886 corrumperet,
791 3833 839 3870 nec
850 3833 917 3872 nova
940 3816 1034 3870 damna
1051 3833 1111 3887 qua
1132 3816 1244 3888 superba
1256 3816 1336 3886 ipuut
1348 3817 1476 3886 attulisset

347 3882 504 3966 ignorantia,
522 3881 554 3933 ab
573 3879 631 3960 ullp
649 3882 703 3949 jam
723 3885 775 3937 alin
788 3885 886 3954 pulsent
902 3885 1027 3940 resarciri.
1063 3888 1105 3939 At
1123 3905 1175 3940 non
1187 3889 1280 3939 eadem
1298 3887 1335 3939 est
1347 3901 1472 3958 textuum

349 3952 554 4022 adultepatorum
572 3963 649 4002 tatto.
684 3953 752 4006 Nam
774 3956 940 4022 quantumvis
961 3955 1051 4009 inscite
1074 3971 1118 4008 ena
1139 3957 1258 4009 restituat
1280 3956 1370 4010 editor
1390 3958 1473 4027 impe·

348 4025 425 4092 ritus,
442 4020 542 4092 semper
554 4034 689 4098 remanent
708 4039 806 4076 vererer
825 4023 968 4086 lesiiunesr
985 4042 1015 4076 ac
1026 4024 1082 4096 post
1093 4041 1154 4076 eum
1173 4026 1241 4078 ‘alter
1255 4026 1340 4096 potest
1357 4043 1475 4096 querere

270 4164 271 4168 Ἰ
347 4097 371 4147 &
392 4089 503 4212 rpperire
515 4085 645 4157 feliciores
656 4089 842 4158 restitutiones,
857 4096 943 4162 quara
965 4094 1026 4148 sano
1048 4111 1155 4165 quoque
1171 4093 1279 4149 homine
1294 4094 1387 4149 statim
1398 4113 1473 4149 eom·

367 4179 395 4216 ro
414 4173 499 4212 entur.
1348 4172 1352 4180 '

347 4182 365 4236 P
382 4237 428 4297 (r)
449 4226 526 4279 Adeo
537 4241 589 4279 non
601 4223 737 4296 dedignor,
754 4246 784 4284 ut
795 4235 820 4284 δι
832 4230 909 4284 multi
920 4230 1014 4285 faciam
1024 4232 1212 4302 disputationes
1225 4232 1361 4287 historicas
1384 4237 1409 4286 dr
1419 4233 1471 4300 eri·

345 4301 410 4354 ticas
434 4297 547 4375 derextu
568 4307 686 4374 veterum
710 4299 865 4357 audiorumr
886 4300 929 4353 sed
955 4303 1070 4356 arbitror
1093 4321 1134 4369 ιιι
1160 4302 1468 4374 seponendanesseextri

345 4363 602 4448 renumerantur
622 4377 708 4418 textus
732 4386 786 4423 aon
807 4369 974 4442 impediatur.
1010 4369 1200 4438 Editoria'hne
1219 4389 1320 4428 munus
1343 4373 1392 4434 est,
1415 4391 1471 4434 meu

1366 4441 1472 4514 quidem
