3250 5259
405 490 483 571 DE,
501 484 684 565 POPULI
706 484 1047 585 FREQJENTIA
1072 486 1214 563 APUD
1238 488 1392 565 SINA&

386 672 530 740 Praeterea
544 668 628 731 latuit
642 668 690 735 Cl.
703 667 800 731 virum
814 666 843 729 iu
855 668 901 731 his
914 664 1084 733 Sinenlibus
1093 666 1230 751 ceulibus
1240 688 1302 733 nou
1317 668 1474 736 numerari

330 758 485 829 mulieres,
521 776 584 819 uon
608 756 756 819 numerati
785 755 893 819 liberos
922 754 975 819 nili
996 754 1036 819 ab
1056 775 1135 821 anno
1152 758 1249 819 aetatis
1268 754 1329 819 suae
1345 758 1473 839 quinto·

343 844 469 919 decimo,
492 864 551 907 non
569 844 715 905 numerari
731 838 809 905 senes
833 844 871 906 ab
890 863 970 906 anno
999 844 1095 907 aetatis
1115 839 1176 905 suae
1191 841 1380 928 sexagesimo,
1403 864 1474 929 upu

344 933 494 997 numerari
508 930 625 1005 milites,
648 950 707 993 nou
722 930 869 993 numerari
877 928 1082 1004 Mandatinos,
1096 951 1156 994 nou
1168 929 1315 994 numerari
1327 931 1474 1010 literatos,

344 1038 406 1085 nou
420 1018 570 1082 numerari
584 1016 684 1099 inopes
703 1014 733 1077 du
755 1016 867 1081 morbis
880 1016 1034 1093 invalidos,
1057 1034 1118 1082 uon
1136 1020 1285 1081 numerari
1305 1018 1473 1101 Principes.

344 1110 409 1192 Qi
432 1124 538 1183 omnes
568 1102 589 1166 fi
611 1121 857 1180 annumerentur,
880 1106 962 1169 Siuae
983 1104 1094 1169 habent
1111 1102 1204 1181 certi,
1226 1118 1261 1170 ut
1279 1107 1344 1187 jam
1364 1108 1475 1170 monui
1546 1165 1547 1184 ,

221 1202 223 1211 '
346 1194 462 1259 circiter
476 1192 522 1255 bis
535 1190 640 1255 millies
654 1191 774 1267 incolas,
799 1208 1038 1267 200‚000,ooo.·
1546 1205 1547 1222 *

391 1284 427 1343 In
442 1280 562 1361 Europa
576 1277 657 1354 verb,
679 1276 900 1361 utplurimum,
919 1294 1115 1343 numerantur
1124 1279 1231 1342 incolae
1248 1298 1477 1367 r3o,ooo,000.

334 1372 455 1432 'Manet
475 1387 547 1449 ergo
560 1384 675 1429 certum
688 1359 722 1459 s&
730 1368 932 1430 indubitatum
948 1369 1111 1430 maximam
1124 1367 1182 1430 elle
1202 1370 1283 1450 apud
1299 1368 1385 1430 Sinas
1418 1388 1476 1450 po·

349 1456 414 1541 puli
433 1454 638 1536 frequentiam,
660 1469 750 1538 atque
770 1457 860 1517 etiam
878 1455 1018 1533 majorem
1042 1474 1103 1517 nou
1126 1453 1219 1519 modo
1231 1454 1373 1537 quim'in
1395 1458 1478 1519 Ger·

350 1542 458 1617 mania,
488 1556 518 1603 at
542 1560 666 1625 quoque
687 1539 782 1625 quam
805 1543 837 1605 in
861 1542 925 1604 total
950 1542 1085 1625 Europa,
1117 1562 1189 1626 quae
1210 1556 1311 1607 tamen
1331 1540 1374 1604 est
1394 1542 1478 1607 Sinis
1546 1621 1547 1626 ἵ

351 1629 450 1695 multb
463 1627 599 1712 amplior.

394 1713 589 1781 Hactenus&
608 1714 725 1778 veritati
739 1715 768 1776 dr
783 1710 947 1777 cutiofitati
967 1711 1145 1794 consultum,
1164 1736 1247 1779 nunc
1260 1714 1481 1781 consulendum
1546 1733 1547 1770 ι

351 1806 479 1890 publirae
490 1802 622 1881 utilitati,
645 1822 735 1885 quam
748 1798 878 1883 spellare
886 1800 996 1866 debent
1009 1800 1069 1867 sani
1079 1802 1357 1887 cujusquebomiuis
1367 1801 1478 1868 studia.

352 1892 461 1958 Causas
473 1910 545 1973 ergo
561 1906 655 1951 tantae
664 1890 744 1973 apud
760 1888 844 1949 Sinas
860 1889 964 1970 populi
977 1888 1360 1974 frequentiaeinquirainus.
1406 1890 1480 1952 Ali·

342 1988 431 2060 .quas
444 1980 567 2061 quidem
582 1976 684 2039 attulit
710 1978 742 2039 P.
771 1978 824 2037 Du
846 1976 966 2050 Haldez
987 1976 1169 2065 Description
1183 1978 1216 2040 de
1229 1976 1373 2062 l'Empire
1393 1978 1429 2039 de
1449 1975 1504 2039 la*

356 2066 457 2143 Chiae,
481 2068 575 2127 Tom.
595 2066 635 2136 11,
653 2084 684 2146 p.
701 2080 731 2146 7.
753 2080 859 2144 nempe
880 2063 1162 2139 eceli-clementiam,
1184 2061 1239 2128 soli
1252 2062 1482 2140 fecunditatem,

355 2154 522 2217 incolarum
549 2147 746 2219 sobrietatem.
773 2150 892 2231 imperii
917 2170 1018 2232 pacem
1032 2152 1197 2226 immotam,
1221 2154 1326 2235 patriae
1348 2150 1483 2215 amorem

356 2240 388 2305 δι
414 2255 603 2303 externarum
639 2253 782 2300 terrarum
810 2251 1029 2321 contemptum.
1073 2238 1262 2302 Addideram
1288 2257 1414 2323 quoque
1441 2240 1483 2302 ibi

358 2324 543 2415 promiscuos
556 2325 587 2387 dr
601 2324 715 2407 populo
725 2337 863 2405 acceptos
875 2324 1027 2388 elle-cibos
1039 2345 1143 2408 equos,
1157 2346 1254 2402 canes,
1276 2324 1360 2405 feles,
1383 2345 1486 2391 mures

357 2414 438 2483 leuio
451 2432 573 2499 quoque
587 2432 622 2475 ac
633 2413 740 2475 morbo
753 2409 882 2485 euestos,
904 2409 1032 2496 aliasque
1046 2410 1144 2476 sordes
1157 2416 1261 2477 ceteris
1276 2413 1396 2499 populis
1410 2414 1484 2477 abo·

358 2508 495 2569 minutas.
537 2504 579 2564 At
593 2518 683 2564 novas
706 2497 814 2573 adhue,
837 2495 943 2582 easque
958 2500 1156 2581 penitiffimas,
1178 2504 1281 2585 accepi
1305 2522 1323 2564 a
1345 2503 1412 2565 viro
1429 2502 1485 2564 ha·

359 2612 431 2658 rum
451 2608 549 2653 rerum
567 2584 787 2663 consultiffimo‚
810 2586 864 2669 qui
879 2584 984 2650 Pekini
998 2583 1093 2672 degit,
1116 2586 1305 2673 multumque
1317 2588 1484 2669 adlaborat,

361 2670 920 2743 utSinaeaccuratiffimeinuotescaut.
1275 2688 1279 2695 ‘

406 2765 569 2844 Praecipuae
596 2762 657 2823 illae
679 2757 773 2821 caulae
788 2760 878 2821 lunt:
905 2784 931 2827 r.
955 2758 1119 2846 Peruagata
1140 2783 1193 2847 per
1207 2755 1308 2827 totum
1322 2764 1485 2848 imperium
1545 2809 1546 2856 ,

362 2851 457 2937 pietas
469 2850 596 2913 liliorum
610 2850 640 2907 in
653 2860 797 2927 parentes,
820 2846 924 2927 &jura
938 2858 1095 2932 parentum
1109 2852 1137 2912 in
1153 2852 1274 2928 liberos,
1295 2851 1340 2914 ita
1350 2870 1387 2915 ut
1400 2853 1488 2917 liberi

364 2940 422 3005 srnt
441 2932 628 3001 certisstmum
644 2935 674 2995 &
687 2930 944 3017 locupletiffimum
968 2950 1123 3017 parentum
1144 2939 1268 3003 bonum.
1293 2957 1323 3003 2.
1351 2938 1488 3004 qustum

364 3026 492 3103 homiui,
524 3022 579 3105 qui
607 3020 667 3082 stne
689 3020 788 3083 liberis
817 3022 952 3097 moritur,
985 3024 1177 3105 propudium.
1212 3045 1243 3109 3.
1267 3028 1369 3089 Mores
1393 3026 1487 3112 ipsius

364 3114 492 3195 imperii,
513 3110 624 3192 quibus
638 3109 777 3178 maxima,
798 3108 971 3189 graviliima,
992 3105 1226 3195 'saudlillimaque
1240 3130 1400 3193 parentum
1417 3134 1488 3178 cm

305 3228 309 3233 ·
365 3201 399 3265 in
413 3196 583 3264 maritandis
593 3194 692 3259 liberis
720 3208 883 3276 reputatur.
902 3212 933 3274 4
967 3198 1105 3260 Honores
1127 3201 1223 3263 additi
1237 3200 1398 3278 riduabus,
1421 3222 1491 3287 quae

368 3288 511 3351 secundas
524 3284 642 3364 nuptias
656 3300 716 3343 non
745 3283 859 3343 ineunt.
880 3300 908 3364 ς.
936 3282 1132 3363 Adoptiones,
1155 3287 1265 3369 qnae&
1287 3290 1370 3369 prole
1383 3310 1492 3353 caren-

369 3374 463 3451 tibus,
485 3369 620 3434 &nimia
643 3364 756 3431 onullis
780 3365 867 3450 aeque
891 3367 1080 3435 subveniunt.
1101 3369 1132 3434 6.
1161 3377 1325 3438 Mulierum
1350 3373 1495 3454 solitudo,

371 3462 452 3527 unde
477 3460 512 3522 iis
536 3458 627 3537 major
648 3458 870 3539 puerperiorum
885 3456 1004 3538 cupido,
1028 3462 1167 3542 pauciora
1191 3465 1223 3523 iu
1239 3478 1326 3543 partu
1349 3465 1492 3545 pericula,

371 3546 547 3613 maxima&
562 3543 672 3605 affidua
687 3543 909 3605 educandorum
931 3543 1090 3609 liberorum
1106 3566 1188 3610 cura.
1214 3568 1245 3626 7.
1290 3549 1490 3615 Exheredario

372 3635 499 3700 filiarum
513 3632 659 3706 omnium,
683 3630 744 3711 quai
754 3646 833 3691 certa
849 3627 960 3712 semper
974 3630 1004 3692 u
1015 3630 1057 3695 sat
1067 3634 1166 3716 ampla
1178 3634 1312 3698 liliorum
1323 3634 1354 3697 dr
1367 3636 1490 3701 familia·
1544 3685 1545 3688 ,

373 3744 444 3786 rum
480 3718 666 3802 patrimonia.
691 3716 722 3779 8.
754 3718 915 3779 Counubia
944 3720 1084 3785 militum.
1120 3740 1152 3803 9.
1196 3725 1285 3785 Certa
1310 3723 1342 3787 dc
1370 3726 1493 3789 immota

361 3808 539 3893 uefflgabn,
562 3804 641 3887 agris
665 3804 850 3883 inh‘aerentia,
872 3818 943 3887 quae
970 3822 1162 3871 mercatorem
1180 3806 1215 3872 dr
1238 3809 1385 3875 artificem
1415 3812 1494 3875 indi·

375 3895 457 3961 recle
472 3890 589 3957 tantum
612 3892 788 3973 percellunt.
814 3908 863 3954 ro.
893 3892 990 3954 Pauca
1008 3894 1093 3969 mari,
1119 3914 1211 3977 pauca
1225 3898 1257 3957 in
1283 3912 1424 3963 externas
1440 3915 1496 3963 tet·

376 4006 422 4047 ras
450 3983 564 4047 itinera.
594 3996 642 4040 11.
665 3979 796 4039 Maxima
815 3975 954 4048 facilitas,
978 3996 1012 4042 ut
1030 3998 1069 4043 ex
1084 3985 1145 4042 una
1160 3982 1312 4065 provincia
1325 3987 1358 4048 in
1372 3986 1511 4052 alteram.

377 4067 603 4135 transvehuntur
622 4065 764 4136 homines,
788 4080 880 4147 prout
900 4064 1027 4148 postulat
1049 4066 1241 4152 abundantia,
1264 4087 1318 4134 aut
1346 4073 1494 4137 sterium,

382 4178 430 4223 12·
459 4162 530 4222 Non
553 4150 650 4214 sobria
662 4148 789 4229 tantum,
813 4150 860 4214 sed
877 4150 1020 4215 laboriosa
1042 4172 1164 4235 quoque
1177 4153 1239 4238 ipso
1256 4178 1308 4219 um
1323 4177 1497 4243 magnatum

378 4248 448 4307 vita.
472 4264 522 4328 13.
549 4238 645 4303 Nulla
667 4237 850 4320 prejudicare
864 4241 967 4319 opinio
987 4241 1166 4324 ignobilium
1179 4167 1366 4312 uoblliumre
1381 4248 1498 4329 nuptia·

380 4352 459 4400 rum.
486 4349 536 4409 14.
559 4326 719 4403 Nobilitas,
742 4346 781 4389 ex
809 4328 934 4410 antiquo
950 4325 1176 4408 Sinarumulu,
1189 4328 1304 4396 ‚offiffis
1321 4330 1498 4399 virtutibus,

670 4436 672 4441 ,
1310 4474 1315 4487 .
1445 4439 1503 4506 que
