3250 5259
138 929 204 998 Da
220 936 491 1024 ranvnanvru,
520 929 742 1036 canonum,
771 928 1105 1030 Tarannonvm,
1121 957 1282 1028 scama.

214 1032 319 1134 nvni,
349 1061 406 1124 nc
443 1063 719 1130 scnmconvm
748 1064 945 1137 ιιιτιοιιιι
973 1066 1215 1136 consverv-

531 1172 646 1247 mua,
675 1174 916 1247 ainamma
971 1199 975 1204 ·

137 1433 184 1482 ax
208 1437 378 1488 orrrmrs
404 1445 642 1494 averoarnva
665 1448 887 1505 connacrva,
916 1446 972 1492 an
997 1445 1275 1505 comrcosracr·

196 1545 274 1595 arva
309 1547 626 1614 rnrnnnrnnunos,
663 1558 880 1608 nnancrnvn
918 1557 1160 1613 couscnrerva
1187 1567 1230 1615 ιιι

237 1698 240 1706 1
358 1666 550 1716 GRATIAM
580 1669 787 1717 srvnlosaa
817 1668 1059 1716 lvvnurvrrs.

214 1992 401 2080 uttham
433 1993 659 2062 existimandum
687 1995 730 2062 est
761 1995 905 2080 cuiquam
935 1992 1057 2077 posthoc
1091 1995 1269 2071 familiarem
1285 2037 1304 2053 κ

234 2080 376 2143 Plautum
386 2097 445 2144 aaut
458 2085 632 2148 Terentium
646 2081 806 2160 futurum3
830 2102 998 2164 eorumque
1018 2083 1159 2152 intimum
1176 2092 1272 2156 artili-

133 2163 229 2238 cium,
250 2169 393 2233 orationis
407 2169 623 2247 charadlerem,
644 2187 736 2254 atque
749 2169 941 2244 venustatem,
967 2167 1086 2253 aliaque
1114 2175 1147 2240 id
1174 2198 1272 2261 genus

132 2247 222 2332 plura
247 2273 421 2338 quenquam
446 2255 532 2338 plane
556 2254 763 2333 allocuturum,
787 2255 842 2318 nifi
866 2255 1019 2318 Comicam
1038 2277 1157 2324 omnem
1171 2265 1270 2348 digni·

132 2349 237 2412 tatem,
264 2361 389 2416 morem,
412 2357 443 2404 et
456 2343 562 2426 agendi
576 2341 834 2418 consuetudinem,
856 2361 935 2425 quac
949 2339 987 2403 ab
1007 2347 1139 2425 antiquis
1160 2351 1192 2412 in
1207 2355 1268 2414 Fa·

131 2421 214 2489 bulis
228 2447 263 2508 ac
278 2428 375 2510 Ludis
389 2425 535 2492 observari
560 2429 704 2510 solebant,
728 2427 834 2493 exaste
857 2439 965 2492 teneat.
1010 2431 1055 2490 Ita
1067 2430 1129 2509 liet,
1146 2450 1183 2497 ut
1200 2435 1268 2518 pos·

131 2525 180 2574 tea
196 2513 271 2578 nihil
296 2529 409 2596 praeter
424 2529 588 2580 metrorum
603 2520 759 2592 rationem,
782 2536 816 2578 ac
829 2513 966 2578 uersuum
980 2512 1128 2581 mensuras
1153 2520 1268 2587 defide-

130 2617 199 2662 rare
223 2601 335 2684 poffit:
359 2621 435 2684 quas
464 2605 606 2667 nimirum
628 2626 668 2666 ex
696 2603 892 2676 Terentiano,
923 2601 1058 2685 omnium
1084 2607 1265 2676 Latinorum

128 2689 408 2754 Grammaticorum
423 2687 591 2766 cultiffimo,
615 2705 646 2754 et
660 2691 691 2752 in
705 2689 761 2753 hac
776 2709 808 2752 re
834 2687 998 2770 plurimum
1012 2691 1185 2771 exercitato,
1213 2698 1266 2761 de·

127 2769 246 2840 sumere
259 2775 372 2841 licebit.
427 2776 485 2838 Hic
499 2777 598 2860 iraque
612 2777 686 2842 libet
700 2773 923 2840 adolescentulis
950 2774 1096 2840 bonarum
1110 2779 1265 2850 literarum

127 2859 267 2926 studiosis
292 2863 420 2928 breviter
433 2882 618 2945 proponeret
654 2863 797 2947 primum,
824 2860 906 2924 unde
929 2876 997 2924 nara
1022 2859 1059 2925 fit
1088 2868 1263 2950 Comoedia,

128 2967 253 3032 quoque
275 2949 363 3032 pallo
388 2965 457 3012 ante
481 2951 714 3014 comoediarum
740 2946 830 3013 usum
843 2949 961 3031 antiqui
984 2949 1092 3012 Poetae
1115 2951 1261 3021 luserint:

127 3036 239 3099 deinde
253 3057 333 3112 vero,
349 3033 505 3119 quomodo
522 3037 704 3100 Comoediae
715 3037 806 3120 agiae
822 3033 1009 3117 pronunciari
1023 3031 1124 3098 solitae
1133 3035 1262 3124 fuerint,

127 3122 254 3206 utquid
282 3123 362 3188 Ludi
375 3121 443 3198 flur,
468 3125 543 3205 quid
570 3121 711 3198 Theatra,
731 3121 849 3194 Scenae,
878 3117 976 3195 Atlas,
1005 3117 1156 3202 Personae,
1184 3145 1216 3191 et
1229 3129 1264 3194 id

126 3230 223 3294 genua
244 3226 369 3286 caetera,
396 3208 483 3274 facile
498 3207 712 3292 intelligantur.
757 3204 852 3292 Qod
874 3225 952 3286 opus
969 3203 1043 3266 dum
1058 3212 1261 3295 aggredimur,
1367 3228 1370 3233 '

125 3295 247 3362 facilem
262 3312 355 3381 atque
367 3289 691 3360 attentum'Lediorem
713 3291 769 3358 elle
783 3293 933 3376 cupimus,
958 3307 992 3352 ιιι
1007 3295 1127 3358 tandem
1152 3300 1263 3366 intelli.

123 3401 190 3468 gar,
217 3383 291 3468 quid
314 3384 350 3448 srt
363 3383 486 3462 Fabula,
511 3379 695 3470 Tragoedia,
711 3379 879 3445 Comoedia
890 3389 986 3453 verus,
1009 3375 1125 3462 Satyra,
1140 3401 1172 3450 et
1184 3408 1262 3456 nova

127 3471 305 3540 Comoedia.
972 3520 974 3525 .

430 3553 520 3643 Quid
528 3553 651 3630 Fabula,
668 3549 840 3636 Tragoedia,
860 3550 979 3633 Satyro,

471 3640 616 3706 Comoedia
629 3651 715 3702 vetus
728 3653 757 3702 ot
770 3662 858 3702 aava.
912 3723 919 3738 ι

166 3819 298 3884 Fabulae
315 3813 455 3902 generale
469 3832 579 3877 nomen
593 3807 644 3886 est,
660 3813 876 3896 Tragoediam,
893 3807 1040 3895 Satyrum,
1053 3827 1083 3877 et
1095 3816 1258 3887 eomoem

122 3927 172 3970 arn
196 3909 227 3970 in
250 3903 277 3968 se
292 3903 502 3986 complodens.
548 3897 660 3981 Estque
673 3899 786 3963 Fabula
800 3900 928 3964 narratio
950 3900 1095 3980 quaedam
1116 3907 1257 3992 mouera,

120 4010 152 4058 et
164 3993 331 4057 demiffiore
346 3992 524 4074 plerumque
549 3985 614 4049 llilo
639 4005 672 4047 ac
691 3986 823 4050 versibus
846 3982 1013 4067 conscripta
1031 3987 1069 4048 ad
1083 3990 1259 4059 oblatratio.

118 4101 193 4144 nem
219 4079 402 4142 auditorum.
446 4074 535 4138 Unde
564 4073 653 4135 etiam
666 4067 807 4135 Poemota
829 4074 904 4137 inter
927 4071 1054 4136 Fabulae
1076 4083 1259 4150 anonnullie

121 4181 397 4232 connumerantur:
421 4181 538 4244 quapro
560 4175 604 4223 ter
618 4156 794 4240 quibusdam
809 4157 887 4222 visus
911 4156 951 4221 est
966 4161 1112 4223 Homerus
1135 4165 1258 4234 Iliadem

118 4253 212 4319 instar
228 4251 430 4340 Tragoediae,
445 4249 513 4330 Ody
537 4265 602 4314 eam
616 4245 831 4396 aqumaginern
847 4245 1029 4312 Comoediae
1046 4246 1256 4397 coqls-cripfissk.

1124 4343 1259 4420 regoeaie

429 4431 435 4438 a
