<?xml version="1.0" encoding="UTF-8"?>
<!DOCTYPE html PUBLIC "-//W3C//DTD XHTML 1.0 Transitional//EN"
    "http://www.w3.org/TR/xhtml1/DTD/xhtml1-transitional.dtd">
<html xmlns="http://www.w3.org/1999/xhtml" xml:lang="en" lang="en">
 <head>
  <title>
</title>
<meta http-equiv="Content-Type" content="text/html;charset=utf-8" />
  <meta name='ocr-system' content='tesseract 3.04.00' />
  <meta name='ocr-capabilities' content='ocr_page ocr_carea ocr_par ocr_line ocrx_word'/>
</head>
<body>
  <div class='ocr_page' id='page_1' title='image "./tractatusvariil00crevgoog_0244.png"; bbox 0 0 3250 5259; ppageno 0'>
   <div class='ocr_carea' id='block_1_1' title="bbox 221 487 1116 610">
    <p class='ocr_par' dir='ltr' id='par_1_1' title="bbox 221 487 1116 610">
     <span class='ocr_line' id='line_1_1' title="bbox 221 487 1116 610; baseline -0.004 -1"><span class='ocrx_word' id='word_1_1' title='bbox 221 511 228 536; x_wconf 52' lang='lat'><em>³</em></span> <span class='ocrx_word' id='word_1_2' title='bbox 332 557 375 610; x_wconf 64' lang='lat' dir='ltr'>n</span> <span class='ocrx_word' id='word_1_3' title='bbox 623 487 786 608; x_wconf 75' lang='lat' dir='ltr'>¹ntro</span> <span class='ocrx_word' id='word_1_4' title='bbox 840 536 1116 610; x_wconf 61' lang='lat' dir='ltr'>aroana</span> 
     </span>
    </p>
   </div>
   <div class='ocr_carea' id='block_1_2' title="bbox 202 698 1537 3245">
    <p class='ocr_par' dir='ltr' id='par_1_2' title="bbox 330 698 1485 792">
     <span class='ocr_line' id='line_1_2' title="bbox 330 698 1485 792; baseline 0.002 -20"><span class='ocrx_word' id='word_1_5' title='bbox 330 707 481 786; x_wconf 76' lang='lat' dir='ltr'>rideatur,</span> <span class='ocrx_word' id='word_1_6' title='bbox 497 706 540 770; x_wconf 88' lang='lat' dir='ltr'>&#39;ut</span> <span class='ocrx_word' id='word_1_7' title='bbox 558 703 601 770; x_wconf 82' lang='lat' dir='ltr'>esi</span> <span class='ocrx_word' id='word_1_8' title='bbox 616 701 682 770; x_wconf 83' lang='lat' dir='ltr'>sane</span> <span class='ocrx_word' id='word_1_9' title='bbox 693 705 844 788; x_wconf 82' lang='lat' dir='ltr'>damnum</span> <span class='ocrx_word' id='word_1_10' title='bbox 852 705 936 792; x_wconf 81' lang='lat' dir='ltr'>haud</span> <span class='ocrx_word' id='word_1_11' title='bbox 963 706 1037 784; x_wconf 79' lang='lat' dir='ltr'>icae,</span> <span class='ocrx_word' id='word_1_12' title='bbox 1059 704 1092 770; x_wconf 94' lang='lat' dir='ltr'>id</span> <span class='ocrx_word' id='word_1_13' title='bbox 1113 721 1204 769; x_wconf 88' lang='lat' dir='ltr'>omne</span> <span class='ocrx_word' id='word_1_14' title='bbox 1228 719 1270 769; x_wconf 83' lang='lat' dir='ltr'>ex</span> <span class='ocrx_word' id='word_1_15' title='bbox 1293 698 1396 772; x_wconf 82' lang='lat' dir='ltr'>ttibnr</span> <span class='ocrx_word' id='word_1_16' title='bbox 1419 705 1485 774; x_wconf 80' lang='lat' dir='ltr'>issia</span> 
     </span>
    </p>

    <p class='ocr_par' dir='ltr' id='par_1_3' title="bbox 332 790 1482 968">
     <span class='ocr_line' id='line_1_3' title="bbox 332 790 1482 882; baseline 0.002 -22"><span class='ocrx_word' id='word_1_17' title='bbox 332 797 387 882; x_wconf 82' lang='lat' dir='ltr'>qui</span> <span class='ocrx_word' id='word_1_18' title='bbox 399 795 435 860; x_wconf 86' lang='lat' dir='ltr'>ad</span> <span class='ocrx_word' id='word_1_19' title='bbox 450 815 505 863; x_wconf 74' lang='lat' dir='ltr'>noa</span> <span class='ocrx_word' id='word_1_20' title='bbox 517 794 626 878; x_wconf 78' lang='lat' dir='ltr'>integri</span> <span class='ocrx_word' id='word_1_21' title='bbox 641 801 852 877; x_wconf 82' lang='lat' dir='ltr'>pervenerunt,</span> <span class='ocrx_word' id='word_1_22' title='bbox 876 794 998 858; x_wconf 79' lang='lat' dir='ltr'>abunde</span> <span class='ocrx_word' id='word_1_23' title='bbox 1014 790 1224 877; x_wconf 86' lang='lat' dir='ltr'>reparabitur;</span> <span class='ocrx_word' id='word_1_24' title='bbox 1247 811 1387 875; x_wconf 88' lang='lat' dir='ltr'>quorum</span> <span class='ocrx_word' id='word_1_25' title='bbox 1403 797 1482 862; x_wconf 80' lang='lat' dir='ltr'>adeo</span> 
     </span>
     <span class='ocr_line' id='line_1_4' title="bbox 332 877 1480 968; baseline -0.003 -20"><span class='ocrx_word' id='word_1_26' title='bbox 332 883 430 949; x_wconf 76' lang='lat' dir='ltr'>satirae</span> <span class='ocrx_word' id='word_1_27' title='bbox 444 881 552 964; x_wconf 85' lang='lat' dir='ltr'>tripiici</span> <span class='ocrx_word' id='word_1_28' title='bbox 566 879 685 946; x_wconf 87' lang='lat' dir='ltr'>dicendi</span> <span class='ocrx_word' id='word_1_29' title='bbox 708 881 885 947; x_wconf 74' lang='lat' dir='ltr'>charactere</span> <span class='ocrx_word' id='word_1_30' title='bbox 900 883 1047 966; x_wconf 78' lang='lat' dir='ltr'>triplicem</span> <span class='ocrx_word' id='word_1_31' title='bbox 1061 880 1169 944; x_wconf 81' lang='lat' dir='ltr'>ethicae</span> <span class='ocrx_word' id='word_1_32' title='bbox 1184 877 1387 964; x_wconf 65' lang='lat' dir='ltr'><strong>philosophia</strong></span> <span class='ocrx_word' id='word_1_33' title='bbox 1408 905 1480 968; x_wconf 82' lang='lat' dir='ltr'>gra·</span> 
     </span>
    </p>

    <p class='ocr_par' dir='ltr' id='par_1_4' title="bbox 291 967 1481 1053">
     <span class='ocr_line' id='line_1_5' title="bbox 291 967 1481 1053; baseline -0.003 -15"><span class='ocrx_word' id='word_1_34' title='bbox 291 1031 292 1040; x_wconf 74' lang='grc'>,</span> <span class='ocrx_word' id='word_1_35' title='bbox 333 973 408 1038; x_wconf 87' lang='lat' dir='ltr'>dum</span> <span class='ocrx_word' id='word_1_36' title='bbox 423 967 547 1040; x_wconf 74' lang='lat' dir='ltr'>feliciter</span> <span class='ocrx_word' id='word_1_37' title='bbox 560 969 765 1053; x_wconf 81' lang='lat' dir='ltr'>expleverunt.</span> <span class='ocrx_word' id='word_1_38' title='bbox 811 971 889 1032; x_wconf 86' lang='lat' dir='ltr'>Nam</span> <span class='ocrx_word' id='word_1_39' title='bbox 905 971 1047 1033; x_wconf 82' lang='lat' dir='ltr'>Horatius</span> <span class='ocrx_word' id='word_1_40' title='bbox 1071 967 1194 1052; x_wconf 87' lang='lat' dir='ltr'>quidem</span> <span class='ocrx_word' id='word_1_41' title='bbox 1211 967 1320 1030; x_wconf 83' lang='lat' dir='ltr'>humili</span> <span class='ocrx_word' id='word_1_42' title='bbox 1338 967 1481 1036; x_wconf 80' lang='lat' dir='ltr'>sermone</span> 
     </span>
    </p>

    <p class='ocr_par' dir='ltr' id='par_1_5' title="bbox 219 1051 1478 1140">
     <span class='ocr_line' id='line_1_6' title="bbox 219 1051 1478 1140; baseline -0.004 -11"><span class='ocrx_word' id='word_1_43' title='bbox 219 1101 228 1128; x_wconf 81' lang='lat' dir='ltr'>t</span> <span class='ocrx_word' id='word_1_44' title='bbox 272 1097 276 1106; x_wconf 42' lang='grc' dir='ltr'><em>ι</em></span> <span class='ocrx_word' id='word_1_45' title='bbox 313 1051 439 1126; x_wconf 66' lang='lat' dir='ltr'>&#39;iudeus</span> <span class='ocrx_word' id='word_1_46' title='bbox 454 1058 515 1128; x_wconf 86' lang='lat' dir='ltr'>hoe</span> <span class='ocrx_word' id='word_1_47' title='bbox 540 1057 611 1140; x_wconf 79' lang='lat' dir='ltr'>agit,</span> <span class='ocrx_word' id='word_1_48' title='bbox 634 1071 669 1120; x_wconf 90' lang='lat' dir='ltr'>ut</span> <span class='ocrx_word' id='word_1_49' title='bbox 694 1053 799 1136; x_wconf 77' lang='lat' dir='ltr'>stultos</span> <span class='ocrx_word' id='word_1_50' title='bbox 826 1054 929 1121; x_wconf 87' lang='lat' dir='ltr'>saitem</span> <span class='ocrx_word' id='word_1_51' title='bbox 957 1051 1310 1140; x_wconf 66' lang='lat' dir='ltr'>insipientiae‘pudescat.</span> <span class='ocrx_word' id='word_1_52' title='bbox 1357 1057 1478 1124; x_wconf 80' lang='lat' dir='ltr'>Persms</span> 
     </span>
    </p>

    <p class='ocr_par' dir='ltr' id='par_1_6' title="bbox 230 1133 1479 1228">
     <span class='ocr_line' id='line_1_7' title="bbox 230 1133 1479 1228; baseline -0.003 -13"><span class='ocrx_word' id='word_1_53' title='bbox 230 1213 235 1222; x_wconf 79' lang='grc'><strong>,</strong></span> <span class='ocrx_word' id='word_1_54' title='bbox 334 1163 434 1214; x_wconf 88' lang='lat' dir='ltr'>autem</span> <span class='ocrx_word' id='word_1_55' title='bbox 450 1133 515 1227; x_wconf 75' lang='lat' dir='ltr'>styli</span> <span class='ocrx_word' id='word_1_56' title='bbox 539 1145 683 1228; x_wconf 79' lang='lat' dir='ltr'>gravioris</span> <span class='ocrx_word' id='word_1_57' title='bbox 708 1143 878 1206; x_wconf 84' lang='lat' dir='ltr'>austeritate</span> <span class='ocrx_word' id='word_1_58' title='bbox 903 1143 1032 1208; x_wconf 81' lang='lat' dir='ltr'>honesto</span> <span class='ocrx_word' id='word_1_59' title='bbox 1051 1143 1162 1228; x_wconf 89' lang='lat' dir='ltr'>pudori</span> <span class='ocrx_word' id='word_1_60' title='bbox 1185 1137 1338 1226; x_wconf 80' lang='lat' dir='ltr'>generosa:</span> <span class='ocrx_word' id='word_1_61' title='bbox 1366 1149 1479 1210; x_wconf 80' lang='lat' dir='ltr'>mentia</span> 
     </span>
    </p>

    <p class='ocr_par' dir='ltr' id='par_1_7' title="bbox 243 1224 1535 1403">
     <span class='ocr_line' id='line_1_8' title="bbox 243 1224 1535 1349; baseline -0.004 -47"><span class='ocrx_word' id='word_1_62' title='bbox 243 1264 247 1272; x_wconf 87' lang='lat'><strong>·</strong></span> <span class='ocrx_word' id='word_1_63' title='bbox 334 1235 526 1302; x_wconf 78' lang='lat' dir='ltr'>constantiam</span> <span class='ocrx_word' id='word_1_64' title='bbox 542 1230 634 1307; x_wconf 84' lang='lat' dir='ltr'>addit,</span> <span class='ocrx_word' id='word_1_65' title='bbox 658 1229 799 1318; x_wconf 75' lang='lat' dir='ltr'>viamque</span> <span class='ocrx_word' id='word_1_66' title='bbox 813 1229 905 1318; x_wconf 86' lang='lat' dir='ltr'>ipsam</span> <span class='ocrx_word' id='word_1_67' title='bbox 927 1251 987 1313; x_wconf 87' lang='lat' dir='ltr'>qua</span> <span class='ocrx_word' id='word_1_68' title='bbox 1010 1232 1049 1295; x_wconf 91' lang='lat' dir='ltr'>ad</span> <span class='ocrx_word' id='word_1_69' title='bbox 1067 1229 1194 1314; x_wconf 86' lang='lat' dir='ltr'>rigidam</span> <span class='ocrx_word' id='word_1_70' title='bbox 1207 1224 1403 1314; x_wconf 73' lang='lat' dir='ltr'>solidamque</span> <span class='ocrx_word' id='word_1_71' title='bbox 1413 1237 1477 1297; x_wconf 82' lang='lat' dir='ltr'>vir·</span> <span class='ocrx_word' id='word_1_72' title='bbox 1533 1284 1535 1349; x_wconf 42' lang='grc' dir='ltr'><em>γ</em></span> 
     </span>
     <span class='ocr_line' id='line_1_9' title="bbox 335 1315 1534 1403; baseline -0.003 -15"><span class='ocrx_word' id='word_1_73' title='bbox 335 1339 431 1388; x_wconf 88' lang='lat' dir='ltr'>tutent</span> <span class='ocrx_word' id='word_1_74' title='bbox 443 1336 529 1386; x_wconf 88' lang='lat' dir='ltr'>eatur</span> <span class='ocrx_word' id='word_1_75' title='bbox 543 1315 617 1382; x_wconf 89' lang='lat' dir='ltr'>serio</span> <span class='ocrx_word' id='word_1_76' title='bbox 628 1317 783 1384; x_wconf 81' lang='lat' dir='ltr'>monstrat.</span> <span class='ocrx_word' id='word_1_77' title='bbox 830 1319 982 1398; x_wconf 84' lang='lat' dir='ltr'>Juvenaiia</span> <span class='ocrx_word' id='word_1_78' title='bbox 995 1319 1126 1400; x_wconf 89' lang='lat' dir='ltr'>denique</span> <span class='ocrx_word' id='word_1_79' title='bbox 1135 1315 1294 1380; x_wconf 85' lang='lat' dir='ltr'>hominum</span> <span class='ocrx_word' id='word_1_80' title='bbox 1309 1322 1477 1402; x_wconf 81' lang='lat' dir='ltr'>nequidam</span> <span class='ocrx_word' id='word_1_81' title='bbox 1533 1354 1534 1403; x_wconf 63' lang='lat' dir='ltr'>t</span> 
     </span>
    </p>

    <p class='ocr_par' dir='ltr' id='par_1_8' title="bbox 256 1403 1536 1842">
     <span class='ocr_line' id='line_1_10' title="bbox 256 1403 1478 1495; baseline -0.005 -17"><span class='ocrx_word' id='word_1_82' title='bbox 256 1475 260 1484; x_wconf 86' lang='grc'><em>,</em></span> <span class='ocrx_word' id='word_1_83' title='bbox 334 1409 541 1495; x_wconf 86' lang='lat' dir='ltr'>impudentem</span> <span class='ocrx_word' id='word_1_84' title='bbox 568 1406 705 1470; x_wconf 81' lang='lat' dir='ltr'>horribili</span> <span class='ocrx_word' id='word_1_85' title='bbox 727 1405 861 1490; x_wconf 83' lang='lat' dir='ltr'>flagelio,</span> <span class='ocrx_word' id='word_1_86' title='bbox 892 1405 998 1470; x_wconf 87' lang='lat' dir='ltr'>dolore</span> <span class='ocrx_word' id='word_1_87' title='bbox 1021 1405 1280 1489; x_wconf 83' lang='lat' dir='ltr'>&amp;indignatione</span> <span class='ocrx_word' id='word_1_88' title='bbox 1308 1403 1478 1487; x_wconf 79' lang='lat' dir='ltr'>succensus,</span> 
     </span>
     <span class='ocr_line' id='line_1_11' title="bbox 335 1488 1477 1582; baseline -0.014 -17"><span class='ocrx_word' id='word_1_89' title='bbox 335 1497 460 1582; x_wconf 78' lang='lat' dir='ltr'>corripit</span> <span class='ocrx_word' id='word_1_90' title='bbox 475 1491 650 1578; x_wconf 80' lang='lat' dir='ltr'>&amp;castigat</span> <span class='ocrx_word' id='word_1_91' title='bbox 695 1493 745 1557; x_wconf 87' lang='lat' dir='ltr'>Sic</span> <span class='ocrx_word' id='word_1_92' title='bbox 763 1496 858 1580; x_wconf 85' lang='lat' dir='ltr'>igitur</span> <span class='ocrx_word' id='word_1_93' title='bbox 873 1493 904 1558; x_wconf 90' lang='lat' dir='ltr'>bi</span> <span class='ocrx_word' id='word_1_94' title='bbox 920 1507 980 1557; x_wconf 76' lang='lat' dir='ltr'>tres</span> <span class='ocrx_word' id='word_1_95' title='bbox 994 1508 1091 1578; x_wconf 84' lang='lat' dir='ltr'>poetae</span> <span class='ocrx_word' id='word_1_96' title='bbox 1109 1514 1163 1578; x_wconf 93' lang='lat' dir='ltr'>per</span> <span class='ocrx_word' id='word_1_97' title='bbox 1181 1488 1296 1556; x_wconf 86' lang='lat' dir='ltr'>satiram</span> <span class='ocrx_word' id='word_1_98' title='bbox 1308 1491 1395 1558; x_wconf 88' lang='lat' dir='ltr'>sucre</span> <span class='ocrx_word' id='word_1_99' title='bbox 1410 1496 1477 1580; x_wconf 85' lang='lat' dir='ltr'>phi.</span> 
     </span>
     <span class='ocr_line' id='line_1_12' title="bbox 334 1570 1536 1668; baseline -0.004 -17"><span class='ocrx_word' id='word_1_100' title='bbox 334 1583 468 1668; x_wconf 76' lang='lat' dir='ltr'>losophi3</span> <span class='ocrx_word' id='word_1_101' title='bbox 498 1601 595 1666; x_wconf 87' lang='lat' dir='ltr'>neque</span> <span class='ocrx_word' id='word_1_102' title='bbox 617 1581 678 1644; x_wconf 83' lang='lat' dir='ltr'>utta</span> <span class='ocrx_word' id='word_1_103' title='bbox 695 1582 773 1646; x_wconf 85' lang='lat' dir='ltr'>inter</span> <span class='ocrx_word' id='word_1_104' title='bbox 793 1599 900 1647; x_wconf 87' lang='lat' dir='ltr'>eorum</span> <span class='ocrx_word' id='word_1_105' title='bbox 915 1576 1016 1645; x_wconf 76' lang='lat' dir='ltr'>satiras</span> <span class='ocrx_word' id='word_1_106' title='bbox 1036 1579 1199 1665; x_wconf 83' lang='lat' dir='ltr'>quaerenda</span> <span class='ocrx_word' id='word_1_107' title='bbox 1219 1577 1265 1645; x_wconf 76' lang='lat' dir='ltr'>est</span> <span class='ocrx_word' id='word_1_108' title='bbox 1288 1577 1474 1659; x_wconf 83' lang='lat' dir='ltr'>differentia,</span> <span class='ocrx_word' id='word_1_109' title='bbox 1534 1570 1536 1657; x_wconf 69' lang='lat' dir='ltr'>i</span> 
     </span>
     <span class='ocr_line' id='line_1_13' title="bbox 320 1660 1536 1757; baseline -0.007 -19"><span class='ocrx_word' id='word_1_110' title='bbox 320 1664 391 1740; x_wconf 59' lang='lat' dir='ltr'>&#39;nist</span> <span class='ocrx_word' id='word_1_111' title='bbox 407 1693 500 1757; x_wconf 87' lang='lat' dir='ltr'>quarn</span> <span class='ocrx_word' id='word_1_112' title='bbox 514 1665 644 1732; x_wconf 81' lang='lat' dir='ltr'>diversus</span> <span class='ocrx_word' id='word_1_113' title='bbox 658 1687 713 1752; x_wconf 92' lang='lat' dir='ltr'>pro</span> <span class='ocrx_word' id='word_1_114' title='bbox 727 1681 897 1754; x_wconf 87' lang='lat' dir='ltr'>temporum</span> <span class='ocrx_word' id='word_1_115' title='bbox 911 1670 1052 1732; x_wconf 77' lang='lat' dir='ltr'>varietate</span> <span class='ocrx_word' id='word_1_116' title='bbox 1063 1667 1155 1752; x_wconf 71' lang='lat' dir='ltr'>stylus</span> <span class='ocrx_word' id='word_1_117' title='bbox 1169 1660 1309 1751; x_wconf 84' lang='lat' dir='ltr'>imposuit</span> <span class='ocrx_word' id='word_1_118' title='bbox 1326 1692 1337 1745; x_wconf 73' lang='grc' dir='ltr'><strong><em>ς</em></strong></span> <span class='ocrx_word' id='word_1_119' title='bbox 1364 1671 1478 1754; x_wconf 86' lang='lat' dir='ltr'>quippe</span> <span class='ocrx_word' id='word_1_120' title='bbox 1534 1672 1536 1741; x_wconf 64' lang='grc' dir='ltr'>ζ</span> 
     </span>
     <span class='ocr_line' id='line_1_14' title="bbox 337 1748 1535 1842; baseline -0.003 -16"><span class='ocrx_word' id='word_1_121' title='bbox 337 1763 423 1826; x_wconf 81' lang='lat' dir='ltr'>aliter</span> <span class='ocrx_word' id='word_1_122' title='bbox 443 1755 551 1824; x_wconf 73' lang='lat' dir='ltr'>affedia</span> <span class='ocrx_word' id='word_1_123' title='bbox 571 1771 662 1840; x_wconf 85' lang='lat' dir='ltr'>atque</span> <span class='ocrx_word' id='word_1_124' title='bbox 673 1759 799 1819; x_wconf 85' lang='lat' dir='ltr'>animata</span> <span class='ocrx_word' id='word_1_125' title='bbox 820 1753 943 1820; x_wconf 86' lang='lat' dir='ltr'>suerunt</span> <span class='ocrx_word' id='word_1_126' title='bbox 964 1759 1174 1820; x_wconf 84' lang='lat' dir='ltr'>Romanorum</span> <span class='ocrx_word' id='word_1_127' title='bbox 1195 1753 1317 1840; x_wconf 83' lang='lat' dir='ltr'>ingenia</span> <span class='ocrx_word' id='word_1_128' title='bbox 1337 1757 1479 1842; x_wconf 83' lang='lat' dir='ltr'>Augusto</span> <span class='ocrx_word' id='word_1_129' title='bbox 1534 1748 1535 1831; x_wconf 68' lang='lat' dir='ltr'>i</span> 
     </span>
    </p>

    <p class='ocr_par' dir='ltr' id='par_1_9' title="bbox 202 1841 1537 2544">
     <span class='ocr_line' id='line_1_15' title="bbox 289 1841 1535 1930; baseline -0.006 -15"><span class='ocrx_word' id='word_1_130' title='bbox 289 1921 297 1930; x_wconf 59' lang='grc'><em>,</em></span> <span class='ocrx_word' id='word_1_131' title='bbox 337 1851 376 1914; x_wconf 88' lang='lat' dir='ltr'>de</span> <span class='ocrx_word' id='word_1_132' title='bbox 397 1845 545 1922; x_wconf 74' lang='lat' dir='ltr'>reddenda</span> <span class='ocrx_word' id='word_1_133' title='bbox 559 1842 711 1926; x_wconf 84' lang='lat' dir='ltr'>republica</span> <span class='ocrx_word' id='word_1_134' title='bbox 724 1845 885 1928; x_wconf 86' lang='lat' dir='ltr'>cogitante,</span> <span class='ocrx_word' id='word_1_135' title='bbox 907 1841 992 1906; x_wconf 86' lang='lat' dir='ltr'>aiitet</span> <span class='ocrx_word' id='word_1_136' title='bbox 1003 1845 1123 1908; x_wconf 89' lang='lat' dir='ltr'>Nerone</span> <span class='ocrx_word' id='word_1_137' title='bbox 1139 1841 1236 1909; x_wconf 79' lang='lat' dir='ltr'>Urbis</span> <span class='ocrx_word' id='word_1_138' title='bbox 1256 1841 1479 1908; x_wconf 85' lang='lat' dir='ltr'>incendinmad</span> <span class='ocrx_word' id='word_1_139' title='bbox 1534 1900 1535 1927; x_wconf 61' lang='lat'>,</span> 
     </span>
     <span class='ocr_line' id='line_1_16' title="bbox 337 1929 1478 2016; baseline -0.01 -12"><span class='ocrx_word' id='word_1_140' title='bbox 337 1940 386 2006; x_wconf 88' lang='lat' dir='ltr'>liii</span> <span class='ocrx_word' id='word_1_141' title='bbox 410 1933 620 2016; x_wconf 82' lang='lat' dir='ltr'>conflagrantia</span> <span class='ocrx_word' id='word_1_142' title='bbox 645 1933 805 2014; x_wconf 83' lang='lat' dir='ltr'>imaginem</span> <span class='ocrx_word' id='word_1_143' title='bbox 824 1931 934 1995; x_wconf 85' lang='lat' dir='ltr'>babitu</span> <span class='ocrx_word' id='word_1_144' title='bbox 962 1929 1077 1996; x_wconf 86' lang='lat' dir='ltr'>scenico</span> <span class='ocrx_word' id='word_1_145' title='bbox 1099 1951 1116 1995; x_wconf 93' lang='lat' dir='ltr'>e</span> <span class='ocrx_word' id='word_1_146' title='bbox 1146 1931 1220 1994; x_wconf 90' lang='lat' dir='ltr'>turri</span> <span class='ocrx_word' id='word_1_147' title='bbox 1255 1932 1478 1996; x_wconf 75' lang='lat' dir='ltr'>Maecenatiana</span> 
     </span>
     <span class='ocr_line' id='line_1_17' title="bbox 337 2015 1478 2109; baseline -0.005 -21"><span class='ocrx_word' id='word_1_148' title='bbox 337 2020 552 2109; x_wconf 74' lang='lat' dir='ltr'>prospesiau&#39;te,</span> <span class='ocrx_word' id='word_1_149' title='bbox 572 2019 669 2085; x_wconf 64' lang='lat' dir='ltr'>&#39;albet</span> <span class='ocrx_word' id='word_1_150' title='bbox 704 2019 795 2082; x_wconf 87' lang='lat' dir='ltr'>etiam</span> <span class='ocrx_word' id='word_1_151' title='bbox 822 2016 1001 2082; x_wconf 88' lang='lat' dir='ltr'>Domitiano</span> <span class='ocrx_word' id='word_1_152' title='bbox 1029 2017 1147 2103; x_wconf 80' lang='lat' dir='ltr'>stupris,</span> <span class='ocrx_word' id='word_1_153' title='bbox 1183 2015 1332 2094; x_wconf 85' lang='lat' dir='ltr'>caedibus,</span> <span class='ocrx_word' id='word_1_154' title='bbox 1367 2020 1478 2102; x_wconf 82' lang='lat' dir='ltr'>rapinis</span> 
     </span>
     <span class='ocr_line' id='line_1_18' title="bbox 202 2094 1537 2225; baseline -0.003 -52"><span class='ocrx_word' id='word_1_155' title='bbox 202 2123 205 2133; x_wconf 86' lang='grc'><em>“</em></span> <span class='ocrx_word' id='word_1_156' title='bbox 279 2107 293 2146; x_wconf 40' lang='lat' dir='ltr'>&#39;f</span> <span class='ocrx_word' id='word_1_157' title='bbox 338 2112 496 2178; x_wconf 86' lang='lat' dir='ltr'>dominum</span> <span class='ocrx_word' id='word_1_158' title='bbox 518 2127 553 2171; x_wconf 84' lang='lat' dir='ltr'>ac</span> <span class='ocrx_word' id='word_1_159' title='bbox 567 2105 658 2168; x_wconf 86' lang='lat' dir='ltr'>deum</span> <span class='ocrx_word' id='word_1_160' title='bbox 681 2102 711 2170; x_wconf 88' lang='lat' dir='ltr'>se</span> <span class='ocrx_word' id='word_1_161' title='bbox 725 2119 857 2188; x_wconf 82' lang='lat' dir='ltr'>gerente.</span> <span class='ocrx_word' id='word_1_162' title='bbox 903 2103 1011 2187; x_wconf 80' lang='lat' dir='ltr'>itaque</span> <span class='ocrx_word' id='word_1_163' title='bbox 1026 2105 1154 2190; x_wconf 77' lang='lat' dir='ltr'>Augusti</span> <span class='ocrx_word' id='word_1_164' title='bbox 1179 2105 1364 2188; x_wconf 84' lang='lat' dir='ltr'>principatu,</span> <span class='ocrx_word' id='word_1_165' title='bbox 1388 2108 1478 2171; x_wconf 81' lang='lat' dir='ltr'>rebat</span> <span class='ocrx_word' id='word_1_166' title='bbox 1535 2094 1537 2225; x_wconf 79' lang='grc' dir='ltr'>Ι</span> 
     </span>
     <span class='ocr_line' id='line_1_19' title="bbox 209 2188 1537 2327; baseline -0.007 -63"><span class='ocrx_word' id='word_1_167' title='bbox 209 2246 211 2255; x_wconf 81' lang='lat'>·</span> <span class='ocrx_word' id='word_1_168' title='bbox 338 2200 427 2273; x_wconf 82' lang='lat' dir='ltr'>iaetis,</span> <span class='ocrx_word' id='word_1_169' title='bbox 450 2194 574 2280; x_wconf 88' lang='lat' dir='ltr'>irnperio</span> <span class='ocrx_word' id='word_1_170' title='bbox 586 2190 690 2268; x_wconf 82' lang='lat' dir='ltr'>stante,</span> <span class='ocrx_word' id='word_1_171' title='bbox 713 2190 826 2274; x_wconf 83' lang='lat' dir='ltr'>siquid</span> <span class='ocrx_word' id='word_1_172' title='bbox 843 2188 971 2256; x_wconf 86' lang='lat' dir='ltr'>absurde</span> <span class='ocrx_word' id='word_1_173' title='bbox 986 2209 1040 2256; x_wconf 90' lang='lat' dir='ltr'>aut</span> <span class='ocrx_word' id='word_1_174' title='bbox 1053 2195 1194 2258; x_wconf 82' lang='lat' dir='ltr'>indecore</span> <span class='ocrx_word' id='word_1_175' title='bbox 1217 2208 1381 2276; x_wconf 80' lang='lat' dir='ltr'>peccatum</span> <span class='ocrx_word' id='word_1_176' title='bbox 1400 2193 1479 2256; x_wconf 80' lang='lat' dir='ltr'>exci-</span> <span class='ocrx_word' id='word_1_177' title='bbox 1535 2232 1537 2327; x_wconf 58' lang='lat' dir='ltr'>p</span> 
     </span>
     <span class='ocr_line' id='line_1_20' title="bbox 338 2277 1536 2366; baseline -0.003 -16"><span class='ocrx_word' id='word_1_178' title='bbox 338 2289 434 2360; x_wconf 88' lang='lat' dir='ltr'>derat,</span> <span class='ocrx_word' id='word_1_179' title='bbox 455 2277 628 2366; x_wconf 82' lang='lat' dir='ltr'>carpere&amp;</span> <span class='ocrx_word' id='word_1_180' title='bbox 652 2279 748 2344; x_wconf 87' lang='lat' dir='ltr'>ridere</span> <span class='ocrx_word' id='word_1_181' title='bbox 761 2279 887 2344; x_wconf 86' lang='lat' dir='ltr'>Horatio</span> <span class='ocrx_word' id='word_1_182' title='bbox 912 2281 997 2344; x_wconf 84' lang='lat' dir='ltr'>licuit</span> <span class='ocrx_word' id='word_1_183' title='bbox 1014 2305 1024 2356; x_wconf 66' lang='grc' dir='ltr'><strong>ς</strong></span> <span class='ocrx_word' id='word_1_184' title='bbox 1045 2295 1077 2344; x_wconf 90' lang='lat' dir='ltr'>at</span> <span class='ocrx_word' id='word_1_185' title='bbox 1101 2280 1234 2345; x_wconf 80' lang='lat' dir='ltr'>Neronia</span> <span class='ocrx_word' id='word_1_186' title='bbox 1250 2281 1479 2365; x_wconf 82' lang='lat' dir='ltr'>Domitianiqne</span> <span class='ocrx_word' id='word_1_187' title='bbox 1535 2340 1536 2347; x_wconf 74' lang='grc'>,</span> 
     </span>
     <span class='ocr_line' id='line_1_21' title="bbox 338 2364 1479 2456; baseline -0.005 -18"><span class='ocrx_word' id='word_1_188' title='bbox 338 2364 535 2456; x_wconf 71' lang='lat' dir='ltr'>temporibus,</span> <span class='ocrx_word' id='word_1_189' title='bbox 555 2366 607 2430; x_wconf 89' lang='lat' dir='ltr'>etsr</span> <span class='ocrx_word' id='word_1_190' title='bbox 633 2369 733 2431; x_wconf 87' lang='lat' dir='ltr'>omnia</span> <span class='ocrx_word' id='word_1_191' title='bbox 749 2368 860 2450; x_wconf 79' lang='lat' dir='ltr'>pessum</span> <span class='ocrx_word' id='word_1_192' title='bbox 874 2371 962 2442; x_wconf 89' lang='lat' dir='ltr'>irent,</span> <span class='ocrx_word' id='word_1_193' title='bbox 984 2387 1023 2430; x_wconf 90' lang='lat' dir='ltr'>ne</span> <span class='ocrx_word' id='word_1_194' title='bbox 1034 2385 1157 2452; x_wconf 86' lang='lat' dir='ltr'>gemere</span> <span class='ocrx_word' id='word_1_195' title='bbox 1168 2366 1293 2449; x_wconf 84' lang='lat' dir='ltr'>quidem</span> <span class='ocrx_word' id='word_1_196' title='bbox 1310 2367 1416 2432; x_wconf 81' lang='lat' dir='ltr'>Perfio</span> <span class='ocrx_word' id='word_1_197' title='bbox 1427 2384 1479 2432; x_wconf 84' lang='lat' dir='ltr'>aut</span> 
     </span>
     <span class='ocr_line' id='line_1_22' title="bbox 340 2449 1477 2544; baseline -0.004 -18"><span class='ocrx_word' id='word_1_198' title='bbox 340 2459 477 2544; x_wconf 87' lang='lat' dir='ltr'>Juvenaii</span> <span class='ocrx_word' id='word_1_199' title='bbox 490 2455 536 2520; x_wconf 84' lang='lat' dir='ltr'>fas</span> <span class='ocrx_word' id='word_1_200' title='bbox 549 2467 621 2520; x_wconf 88' lang='lat' dir='ltr'>erut.</span> <span class='ocrx_word' id='word_1_201' title='bbox 666 2456 872 2541; x_wconf 83' lang='lat' dir='ltr'>Qamobrem</span> <span class='ocrx_word' id='word_1_202' title='bbox 885 2455 1038 2538; x_wconf 75' lang='lat' dir='ltr'>juvenalis</span> <span class='ocrx_word' id='word_1_203' title='bbox 1060 2455 1145 2520; x_wconf 86' lang='lat' dir='ltr'>srmui</span> <span class='ocrx_word' id='word_1_204' title='bbox 1159 2475 1229 2518; x_wconf 88' lang='lat' dir='ltr'>cum</span> <span class='ocrx_word' id='word_1_205' title='bbox 1243 2449 1303 2516; x_wconf 86' lang='lat' dir='ltr'>risu</span> <span class='ocrx_word' id='word_1_206' title='bbox 1317 2450 1477 2521; x_wconf 80' lang='lat' dir='ltr'>excandes-</span> 
     </span>
    </p>

    <p class='ocr_par' dir='ltr' id='par_1_10' title="bbox 242 2537 1479 2803">
     <span class='ocr_line' id='line_1_23' title="bbox 242 2537 1478 2628; baseline -0.005 -15"><span class='ocrx_word' id='word_1_207' title='bbox 242 2579 244 2584; x_wconf 96' lang='lat'>·</span> <span class='ocrx_word' id='word_1_208' title='bbox 339 2552 380 2613; x_wconf 89' lang='lat' dir='ltr'>cit</span> <span class='ocrx_word' id='word_1_209' title='bbox 395 2544 575 2628; x_wconf 70' lang='lat' dir='ltr'>&amp;jagulata</span> <span class='ocrx_word' id='word_1_210' title='bbox 601 2543 713 2626; x_wconf 88' lang='lat' dir='ltr'>qnippe</span> <span class='ocrx_word' id='word_1_211' title='bbox 729 2545 864 2606; x_wconf 86' lang='lat' dir='ltr'>animum</span> <span class='ocrx_word' id='word_1_212' title='bbox 887 2542 1023 2607; x_wconf 89' lang='lat' dir='ltr'>cohibito</span> <span class='ocrx_word' id='word_1_213' title='bbox 1038 2541 1097 2607; x_wconf 88' lang='lat' dir='ltr'>risu</span> <span class='ocrx_word' id='word_1_214' title='bbox 1111 2542 1281 2626; x_wconf 86' lang='lat' dir='ltr'>indignatio</span> <span class='ocrx_word' id='word_1_215' title='bbox 1304 2537 1402 2622; x_wconf 81' lang='lat' dir='ltr'>subit,</span> <span class='ocrx_word' id='word_1_216' title='bbox 1426 2544 1478 2607; x_wconf 84' lang='lat' dir='ltr'>de·</span> 
     </span>
     <span class='ocr_line' id='line_1_24' title="bbox 340 2624 1479 2714; baseline -0.006 -12"><span class='ocrx_word' id='word_1_217' title='bbox 340 2636 411 2702; x_wconf 90' lang='lat' dir='ltr'>inde</span> <span class='ocrx_word' id='word_1_218' title='bbox 435 2634 545 2714; x_wconf 54' lang='lat' dir='ltr'>dolon</span> <span class='ocrx_word' id='word_1_219' title='bbox 567 2631 620 2712; x_wconf 89' lang='lat' dir='ltr'>qui</span> <span class='ocrx_word' id='word_1_220' title='bbox 647 2632 737 2694; x_wconf 80' lang='lat' dir='ltr'>altius</span> <span class='ocrx_word' id='word_1_221' title='bbox 769 2632 880 2712; x_wconf 81' lang='lat' dir='ltr'>pressus</span> <span class='ocrx_word' id='word_1_222' title='bbox 903 2624 1029 2695; x_wconf 75' lang='lat' dir='ltr'>exardet</span> <span class='ocrx_word' id='word_1_223' title='bbox 1050 2633 1080 2695; x_wconf 92' lang='lat' dir='ltr'>in</span> <span class='ocrx_word' id='word_1_224' title='bbox 1101 2631 1186 2706; x_wconf 84' lang='lat' dir='ltr'>iram,</span> <span class='ocrx_word' id='word_1_225' title='bbox 1208 2627 1240 2692; x_wconf 77' lang='grc' dir='ltr'>δι</span> <span class='ocrx_word' id='word_1_226' title='bbox 1268 2643 1370 2711; x_wconf 84' lang='lat' dir='ltr'>poetae</span> <span class='ocrx_word' id='word_1_227' title='bbox 1397 2632 1479 2695; x_wconf 81' lang='lat' dir='ltr'>velut</span> 
     </span>
     <span class='ocr_line' id='line_1_25' title="bbox 339 2715 1479 2803; baseline -0.005 -15"><span class='ocrx_word' id='word_1_228' title='bbox 339 2720 533 2788; x_wconf 83' lang='lat' dir='ltr'>aesiuantibus</span> <span class='ocrx_word' id='word_1_229' title='bbox 550 2716 723 2800; x_wconf 85' lang='lat' dir='ltr'>praecordiis</span> <span class='ocrx_word' id='word_1_230' title='bbox 746 2715 839 2799; x_wconf 76' lang='lat' dir='ltr'>stylus</span> <span class='ocrx_word' id='word_1_231' title='bbox 853 2716 989 2803; x_wconf 87' lang='lat' dir='ltr'>ignescit,</span> <span class='ocrx_word' id='word_1_232' title='bbox 1004 2737 1068 2801; x_wconf 91' lang='lat' dir='ltr'>quo</span> <span class='ocrx_word' id='word_1_233' title='bbox 1080 2738 1153 2784; x_wconf 84' lang='lat' dir='ltr'>mox</span> <span class='ocrx_word' id='word_1_234' title='bbox 1176 2732 1308 2782; x_wconf 82' lang='lat' dir='ltr'>armatus</span> <span class='ocrx_word' id='word_1_235' title='bbox 1321 2715 1354 2780; x_wconf 79' lang='grc' dir='ltr'>δι</span> <span class='ocrx_word' id='word_1_236' title='bbox 1366 2718 1479 2782; x_wconf 82' lang='lat' dir='ltr'>vitia&amp;</span> 
     </span>
    </p>

    <p class='ocr_par' dir='ltr' id='par_1_11' title="bbox 238 2802 1537 3245">
     <span class='ocr_line' id='line_1_26' title="bbox 264 2802 1479 2897; baseline -0.007 -21"><span class='ocrx_word' id='word_1_237' title='bbox 264 2882 270 2897; x_wconf 41' lang='grc'><strong>,</strong></span> <span class='ocrx_word' id='word_1_238' title='bbox 339 2809 477 2875; x_wconf 79' lang='lat' dir='ltr'>homiues</span> <span class='ocrx_word' id='word_1_239' title='bbox 505 2805 586 2870; x_wconf 82' lang='lat' dir='ltr'>ferro</span> <span class='ocrx_word' id='word_1_240' title='bbox 616 2805 799 2886; x_wconf 84' lang='lat' dir='ltr'>flammaque</span> <span class='ocrx_word' id='word_1_241' title='bbox 828 2803 1040 2872; x_wconf 70' lang='lat' dir='ltr'>consectatur:</span> <span class='ocrx_word' id='word_1_242' title='bbox 1079 2802 1118 2872; x_wconf 88' lang='lat' dir='ltr'>sic</span> <span class='ocrx_word' id='word_1_243' title='bbox 1142 2805 1324 2889; x_wconf 80' lang='lat' dir='ltr'>plerumque</span> <span class='ocrx_word' id='word_1_244' title='bbox 1361 2804 1479 2890; x_wconf 73' lang='lat' dir='ltr'>tragica</span> 
     </span>
     <span class='ocr_line' id='line_1_27' title="bbox 278 2891 1537 2982; baseline -0.004 -21"><span class='ocrx_word' id='word_1_245' title='bbox 278 2933 281 2938; x_wconf 95' lang='lat'>·</span> <span class='ocrx_word' id='word_1_246' title='bbox 338 2891 605 2982; x_wconf 86' lang='lat' dir='ltr'>grandiloqueutiae</span> <span class='ocrx_word' id='word_1_247' title='bbox 617 2892 799 2956; x_wconf 91' lang='lat' dir='ltr'>cothurnum</span> <span class='ocrx_word' id='word_1_248' title='bbox 821 2891 913 2958; x_wconf 75' lang='lat' dir='ltr'>satiris</span> <span class='ocrx_word' id='word_1_249' title='bbox 926 2891 986 2957; x_wconf 81' lang='lat' dir='ltr'>suis</span> <span class='ocrx_word' id='word_1_250' title='bbox 1004 2891 1145 2970; x_wconf 71' lang='lat' dir='ltr'>inducit,</span> <span class='ocrx_word' id='word_1_251' title='bbox 1168 2895 1201 2956; x_wconf 87' lang='lat' dir='ltr'>in</span> <span class='ocrx_word' id='word_1_252' title='bbox 1223 2891 1283 2956; x_wconf 87' lang='lat' dir='ltr'>hoc</span> <span class='ocrx_word' id='word_1_253' title='bbox 1296 2911 1316 2954; x_wconf 85' lang='lat' dir='ltr'>a</span> <span class='ocrx_word' id='word_1_254' title='bbox 1330 2895 1479 2976; x_wconf 74' lang='lat' dir='ltr'>prioribus</span> <span class='ocrx_word' id='word_1_255' title='bbox 1536 2920 1537 2979; x_wconf 60' lang='lat' dir='ltr'>p</span> 
     </span>
     <span class='ocr_line' id='line_1_28' title="bbox 238 2977 1537 3066; baseline -0.007 -15"><span class='ocrx_word' id='word_1_256' title='bbox 238 3023 241 3040; x_wconf 66' lang='grc' dir='ltr'><strong><em>ι</em></strong></span> <span class='ocrx_word' id='word_1_257' title='bbox 338 2984 486 3058; x_wconf 88' lang='lat' dir='ltr'>recedens,</span> <span class='ocrx_word' id='word_1_258' title='bbox 509 2979 592 3066; x_wconf 85' lang='lat' dir='ltr'>quod</span> <span class='ocrx_word' id='word_1_259' title='bbox 607 2977 746 3052; x_wconf 71' lang='lat' dir='ltr'>,veribus</span> <span class='ocrx_word' id='word_1_260' title='bbox 772 2979 953 3046; x_wconf 69' lang='lat' dir='ltr'>hexametris</span> <span class='ocrx_word' id='word_1_261' title='bbox 986 2979 1071 3061; x_wconf 83' lang='lat' dir='ltr'>quast</span> <span class='ocrx_word' id='word_1_262' title='bbox 1096 2979 1345 3064; x_wconf 81' lang='lat' dir='ltr'>tragoedias-per</span> <span class='ocrx_word' id='word_1_263' title='bbox 1364 2977 1480 3044; x_wconf 83' lang='lat' dir='ltr'>satiram</span> <span class='ocrx_word' id='word_1_264' title='bbox 1536 2992 1537 2999; x_wconf 74' lang='grc'>’</span> 
     </span>
     <span class='ocr_line' id='line_1_29' title="bbox 275 3065 1475 3149; baseline -0.003 -14"><span class='ocrx_word' id='word_1_265' title='bbox 275 3087 282 3094; x_wconf 85' lang='grc'><em>·</em></span> <span class='ocrx_word' id='word_1_266' title='bbox 338 3069 455 3146; x_wconf 89' lang='lat' dir='ltr'>scribat,</span> <span class='ocrx_word' id='word_1_267' title='bbox 478 3071 659 3134; x_wconf 86' lang='lat' dir='ltr'>intentatum</span> <span class='ocrx_word' id='word_1_268' title='bbox 685 3067 801 3130; x_wconf 78' lang='lat' dir='ltr'>Graecis</span> <span class='ocrx_word' id='word_1_269' title='bbox 826 3066 1009 3133; x_wconf 68' lang='lat' dir='ltr'>&amp;Romanis</span> <span class='ocrx_word' id='word_1_270' title='bbox 1035 3068 1162 3149; x_wconf 84' lang='lat' dir='ltr'>iugeniia</span> <span class='ocrx_word' id='word_1_271' title='bbox 1176 3087 1266 3148; x_wconf 79' lang='lat' dir='ltr'>opus,</span> <span class='ocrx_word' id='word_1_272' title='bbox 1290 3065 1369 3133; x_wconf 85' lang='lat' dir='ltr'>ficut</span> <span class='ocrx_word' id='word_1_273' title='bbox 1390 3069 1475 3134; x_wconf 81' lang='lat' dir='ltr'>etiam</span> 
     </span>
     <span class='ocr_line' id='line_1_30' title="bbox 337 3151 1300 3245; baseline -0.004 -25"><span class='ocrx_word' id='word_1_274' title='bbox 337 3155 399 3245; x_wconf 87' lang='lat' dir='ltr'>ipse</span> <span class='ocrx_word' id='word_1_275' title='bbox 420 3157 459 3220; x_wconf 87' lang='lat' dir='ltr'>de</span> <span class='ocrx_word' id='word_1_276' title='bbox 472 3151 501 3220; x_wconf 92' lang='lat' dir='ltr'>se</span> <span class='ocrx_word' id='word_1_277' title='bbox 515 3153 628 3219; x_wconf 86' lang='lat' dir='ltr'>fatetur</span> <span class='ocrx_word' id='word_1_278' title='bbox 640 3169 774 3219; x_wconf 87' lang='lat' dir='ltr'>extrema</span> <span class='ocrx_word' id='word_1_279' title='bbox 790 3151 877 3234; x_wconf 80' lang='lat' dir='ltr'>satira</span> <span class='ocrx_word' id='word_1_280' title='bbox 891 3155 984 3240; x_wconf 82' lang='lat' dir='ltr'>sexta,</span> <span class='ocrx_word' id='word_1_281' title='bbox 1008 3165 1080 3220; x_wconf 87' lang='lat' dir='ltr'>curu</span> <span class='ocrx_word' id='word_1_282' title='bbox 1092 3157 1144 3233; x_wconf 84' lang='lat' dir='ltr'>ait,</span> <span class='ocrx_word' id='word_1_283' title='bbox 1159 3153 1204 3244; x_wconf 81' lang='lat' dir='ltr'>Vs</span> <span class='ocrx_word' id='word_1_284' title='bbox 1221 3153 1300 3242; x_wconf 85' lang='lat'><strong>634.</strong></span> 
     </span>
    </p>
   </div>
   <div class='ocr_carea' id='block_1_3' title="bbox 465 3325 1215 3565">
    <p class='ocr_par' dir='ltr' id='par_1_12' title="bbox 465 3325 1215 3565">
     <span class='ocr_line' id='line_1_31' title="bbox 470 3325 1215 3480; baseline -0.004 -88"><span class='ocrx_word' id='word_1_285' title='bbox 470 3327 621 3412; x_wconf 85' lang='lat' dir='ltr'>Fingimus</span> <span class='ocrx_word' id='word_1_286' title='bbox 629 3325 693 3392; x_wconf 73' lang='lat' dir='ltr'>&#39;hac</span> <span class='ocrx_word' id='word_1_287' title='bbox 706 3327 1035 3480; x_wconf 55' lang='lat' dir='ltr'>altumsatiralumente</span> <span class='ocrx_word' id='word_1_288' title='bbox 1047 3327 1215 3394; x_wconf 79' lang='lat' dir='ltr'>cothurnum</span> 
     </span>
     <span class='ocr_line' id='line_1_32' title="bbox 465 3415 1186 3565; baseline 0.001 -86"><span class='ocrx_word' id='word_1_289' title='bbox 465 3415 592 3490; x_wconf 85' lang='lat' dir='ltr'>Scilicet,</span> <span class='ocrx_word' id='word_1_290' title='bbox 621 3415 886 3565; x_wconf 55' lang='lat' dir='ltr'>&amp;pnemaggreffl</span> <span class='ocrx_word' id='word_1_291' title='bbox 918 3438 1036 3502; x_wconf 78' lang='lat' dir='ltr'>genuque</span> <span class='ocrx_word' id='word_1_292' title='bbox 1044 3415 1186 3499; x_wconf 81' lang='lat' dir='ltr'>priorum,</span> 
     </span>
    </p>
   </div>
   <div class='ocr_carea' id='block_1_4' title="bbox 468 3500 1216 3674">
    <p class='ocr_par' dir='ltr' id='par_1_13' title="bbox 468 3500 1216 3674">
     <span class='ocr_line' id='line_1_33' title="bbox 468 3500 1216 3588; baseline -0.003 -22"><span class='ocrx_word' id='word_1_293' title='bbox 468 3501 590 3566; x_wconf 83' lang='lat' dir='ltr'>Grande</span> <span class='ocrx_word' id='word_1_294' title='bbox 604 3501 657 3588; x_wconf 84' lang='lat' dir='ltr'>Sap</span> <span class='ocrx_word' id='word_1_295' title='bbox 679 3503 746 3567; x_wconf 86' lang='lat' dir='ltr'>aclea</span> <span class='ocrx_word' id='word_1_296' title='bbox 762 3525 876 3566; x_wconf 81' lang='lat' dir='ltr'>carnaea</span> <span class='ocrx_word' id='word_1_297' title='bbox 887 3501 1060 3569; x_wconf 82' lang='lat' dir='ltr'>bacchamur</span> <span class='ocrx_word' id='word_1_298' title='bbox 1071 3500 1157 3565; x_wconf 85' lang='lat' dir='ltr'>hiatu</span> <span class='ocrx_word' id='word_1_299' title='bbox 1211 3541 1216 3556; x_wconf 87' lang='lat'><strong>·</strong></span> 
     </span>
     <span class='ocr_line' id='line_1_34' title="bbox 474 3579 1170 3674; baseline -0.001 -20"><span class='ocrx_word' id='word_1_300' title='bbox 474 3579 626 3654; x_wconf 66' lang='lat' dir='ltr'>lustratibus</span> <span class='ocrx_word' id='word_1_301' title='bbox 642 3587 766 3672; x_wconf 80' lang='lat' dir='ltr'>ignotum</span> <span class='ocrx_word' id='word_1_302' title='bbox 781 3588 903 3664; x_wconf 72' lang='lat' dir='ltr'>Rutulis</span> <span class='ocrx_word' id='word_1_303' title='bbox 917 3588 1037 3674; x_wconf 77' lang='lat' dir='ltr'>caesaque</span> <span class='ocrx_word' id='word_1_304' title='bbox 1052 3587 1170 3653; x_wconf 82' lang='lat' dir='ltr'>Latino.</span> 
     </span>
    </p>
   </div>
   <div class='ocr_carea' id='block_1_5' title="bbox 208 3754 1479 4439">
    <p class='ocr_par' dir='ltr' id='par_1_14' title="bbox 326 3754 1479 3843">
     <span class='ocr_line' id='line_1_35' title="bbox 326 3754 1479 3843; baseline 0 -17"><span class='ocrx_word' id='word_1_305' title='bbox 326 3765 415 3836; x_wconf 51' lang='lat' dir='ltr'>¹Hinc</span> <span class='ocrx_word' id='word_1_306' title='bbox 436 3759 510 3824; x_wconf 86' lang='lat' dir='ltr'>iilud</span> <span class='ocrx_word' id='word_1_307' title='bbox 533 3762 609 3823; x_wconf 86' lang='lat' dir='ltr'>inter</span> <span class='ocrx_word' id='word_1_308' title='bbox 625 3761 784 3826; x_wconf 87' lang='lat' dir='ltr'>Horatium</span> <span class='ocrx_word' id='word_1_309' title='bbox 799 3760 1022 3843; x_wconf 84' lang='lat' dir='ltr'>&amp;Juvenaiem,</span> <span class='ocrx_word' id='word_1_310' title='bbox 1044 3783 1107 3826; x_wconf 90' lang='lat' dir='ltr'>non</span> <span class='ocrx_word' id='word_1_311' title='bbox 1125 3759 1233 3832; x_wconf 80' lang='lat' dir='ltr'>satirae,</span> <span class='ocrx_word' id='word_1_312' title='bbox 1255 3754 1304 3823; x_wconf 86' lang='lat' dir='ltr'>sed</span> <span class='ocrx_word' id='word_1_313' title='bbox 1327 3755 1398 3842; x_wconf 76' lang='lat' dir='ltr'>styli</span> <span class='ocrx_word' id='word_1_314' title='bbox 1413 3761 1479 3827; x_wconf 83' lang='lat' dir='ltr'>tati·</span> 
     </span>
    </p>

    <p class='ocr_par' dir='ltr' id='par_1_15' title="bbox 292 3839 1477 4030">
     <span class='ocr_line' id='line_1_36' title="bbox 292 3839 1477 3934; baseline -0.003 -18"><span class='ocrx_word' id='word_1_315' title='bbox 292 3839 294 3854; x_wconf 45' lang='lat'>⁸</span> <span class='ocrx_word' id='word_1_316' title='bbox 335 3875 393 3916; x_wconf 89' lang='lat' dir='ltr'>oue</span> <span class='ocrx_word' id='word_1_317' title='bbox 410 3846 591 3921; x_wconf 75' lang='lat' dir='ltr'>discrimen,</span> <span class='ocrx_word' id='word_1_318' title='bbox 612 3855 716 3930; x_wconf 81' lang='lat' dir='ltr'>quovis</span> <span class='ocrx_word' id='word_1_319' title='bbox 738 3853 814 3927; x_wconf 89' lang='lat' dir='ltr'>enirn</span> <span class='ocrx_word' id='word_1_320' title='bbox 843 3849 920 3931; x_wconf 78' lang='lat' dir='ltr'>stylo</span> <span class='ocrx_word' id='word_1_321' title='bbox 938 3845 1026 3913; x_wconf 85' lang='lat' dir='ltr'>satira</span> <span class='ocrx_word' id='word_1_322' title='bbox 1055 3865 1183 3934; x_wconf 87' lang='lat' dir='ltr'>pungat,</span> <span class='ocrx_word' id='word_1_323' title='bbox 1209 3847 1414 3914; x_wconf 82' lang='lat' dir='ltr'>nihilominus</span> <span class='ocrx_word' id='word_1_324' title='bbox 1440 3849 1477 3913; x_wconf 88' lang='lat' dir='ltr'>est</span> 
     </span>
     <span class='ocr_line' id='line_1_37' title="bbox 335 3931 1477 4030; baseline -0.005 -25"><span class='ocrx_word' id='word_1_325' title='bbox 335 3941 445 4012; x_wconf 83' lang='lat' dir='ltr'>satira3</span> <span class='ocrx_word' id='word_1_326' title='bbox 471 3935 524 3998; x_wconf 88' lang='lat' dir='ltr'>nist</span> <span class='ocrx_word' id='word_1_327' title='bbox 547 3931 626 4000; x_wconf 87' lang='lat' dir='ltr'>sorte</span> <span class='ocrx_word' id='word_1_328' title='bbox 641 3937 733 4018; x_wconf 88' lang='lat' dir='ltr'>magis</span> <span class='ocrx_word' id='word_1_329' title='bbox 748 3935 866 4002; x_wconf 84' lang='lat' dir='ltr'>satiram</span> <span class='ocrx_word' id='word_1_330' title='bbox 888 3933 944 4001; x_wconf 82' lang='lat' dir='ltr'>esse</span> <span class='ocrx_word' id='word_1_331' title='bbox 966 3939 1034 4020; x_wconf 81' lang='lat' dir='ltr'>quia</span> <span class='ocrx_word' id='word_1_332' title='bbox 1055 3936 1137 4014; x_wconf 84' lang='lat' dir='ltr'>velit,</span> <span class='ocrx_word' id='word_1_333' title='bbox 1159 3957 1231 4030; x_wconf 79' lang='lat' dir='ltr'>quae</span> <span class='ocrx_word' id='word_1_334' title='bbox 1263 3953 1366 3997; x_wconf 89' lang='lat' dir='ltr'>rerum</span> <span class='ocrx_word' id='word_1_335' title='bbox 1386 3939 1477 4002; x_wconf 84' lang='lat' dir='ltr'>diter·</span> 
     </span>
    </p>

    <p class='ocr_par' dir='ltr' id='par_1_16' title="bbox 308 4020 1478 4106">
     <span class='ocr_line' id='line_1_38' title="bbox 308 4020 1478 4106; baseline -0.003 -16"><span class='ocrx_word' id='word_1_336' title='bbox 308 4058 312 4066; x_wconf 94' lang='lat'>·</span> <span class='ocrx_word' id='word_1_337' title='bbox 336 4027 431 4090; x_wconf 85' lang='lat' dir='ltr'>sarum</span> <span class='ocrx_word' id='word_1_338' title='bbox 443 4025 529 4106; x_wconf 88' lang='lat' dir='ltr'>copia</span> <span class='ocrx_word' id='word_1_339' title='bbox 541 4025 652 4104; x_wconf 84' lang='lat' dir='ltr'>majore</span> <span class='ocrx_word' id='word_1_340' title='bbox 674 4021 779 4106; x_wconf 83' lang='lat' dir='ltr'>stipata</span> <span class='ocrx_word' id='word_1_341' title='bbox 800 4025 842 4088; x_wconf 85' lang='lat' dir='ltr'>est</span> <span class='ocrx_word' id='word_1_342' title='bbox 868 4038 958 4106; x_wconf 88' lang='lat' dir='ltr'>atque</span> <span class='ocrx_word' id='word_1_343' title='bbox 979 4023 1121 4099; x_wconf 84' lang='lat' dir='ltr'>conserta,</span> <span class='ocrx_word' id='word_1_344' title='bbox 1143 4045 1207 4106; x_wconf 87' lang='lat' dir='ltr'>quo</span> <span class='ocrx_word' id='word_1_345' title='bbox 1232 4020 1478 4103; x_wconf 81' lang='lat' dir='ltr'>seuquuvenaiit</span> 
     </span>
    </p>

    <p class='ocr_par' dir='ltr' id='par_1_17' title="bbox 274 4107 1478 4194">
     <span class='ocr_line' id='line_1_39' title="bbox 274 4107 1478 4194; baseline -0.003 -16"><span class='ocrx_word' id='word_1_346' title='bbox 274 4165 280 4192; x_wconf 84' lang='lat'>,</span> <span class='ocrx_word' id='word_1_347' title='bbox 330 4135 396 4178; x_wconf 85' lang='lat' dir='ltr'>non</span> <span class='ocrx_word' id='word_1_348' title='bbox 409 4112 504 4176; x_wconf 81' lang='lat' dir='ltr'>solum</span> <span class='ocrx_word' id='word_1_349' title='bbox 520 4107 660 4188; x_wconf 77' lang='lat' dir='ltr'>Persium,</span> <span class='ocrx_word' id='word_1_350' title='bbox 682 4113 765 4192; x_wconf 89' lang='lat' dir='ltr'>quod</span> <span class='ocrx_word' id='word_1_351' title='bbox 781 4129 843 4178; x_wconf 84' lang='lat' dir='ltr'>etat</span> <span class='ocrx_word' id='word_1_352' title='bbox 858 4109 954 4193; x_wconf 55' lang='lat' dir='ltr'>incise,</span> <span class='ocrx_word' id='word_1_353' title='bbox 979 4109 1027 4176; x_wconf 88' lang='lat' dir='ltr'>scd</span> <span class='ocrx_word' id='word_1_354' title='bbox 1041 4108 1131 4176; x_wconf 85' lang='lat' dir='ltr'>&#39;etiam</span> <span class='ocrx_word' id='word_1_355' title='bbox 1141 4113 1301 4176; x_wconf 84' lang='lat' dir='ltr'>Horatium</span> <span class='ocrx_word' id='word_1_356' title='bbox 1314 4108 1478 4194; x_wconf 69' lang='lat' dir='ltr'>superunita</span> 
     </span>
    </p>

    <p class='ocr_par' dir='ltr' id='par_1_18' title="bbox 266 4193 1478 4291">
     <span class='ocr_line' id='line_1_40' title="bbox 266 4193 1478 4291; baseline -0.003 -26"><span class='ocrx_word' id='word_1_357' title='bbox 266 4230 269 4235; x_wconf 96' lang='lat'>·</span> <span class='ocrx_word' id='word_1_358' title='bbox 336 4221 403 4264; x_wconf 87' lang='lat' dir='ltr'>narn</span> <span class='ocrx_word' id='word_1_359' title='bbox 426 4202 496 4263; x_wconf 73' lang='lat' dir='ltr'>licet</span> <span class='ocrx_word' id='word_1_360' title='bbox 511 4198 541 4260; x_wconf 91' lang='lat' dir='ltr'>in</span> <span class='ocrx_word' id='word_1_361' title='bbox 563 4195 789 4291; x_wconf 78' lang='lat' dir='ltr'>sangolissatiris</span> <span class='ocrx_word' id='word_1_362' title='bbox 809 4201 996 4282; x_wconf 89' lang='lat' dir='ltr'>quorundam</span> <span class='ocrx_word' id='word_1_363' title='bbox 1020 4211 1265 4284; x_wconf 87' lang='lat' dir='ltr'>argumentorum</span> <span class='ocrx_word' id='word_1_364' title='bbox 1288 4193 1404 4280; x_wconf 82' lang='lat' dir='ltr'>species</span> <span class='ocrx_word' id='word_1_365' title='bbox 1424 4219 1478 4283; x_wconf 82' lang='lat' dir='ltr'>prae</span> 
     </span>
    </p>

    <p class='ocr_par' dir='ltr' id='par_1_19' title="bbox 208 4283 1479 4439">
     <span class='ocr_line' id='line_1_41' title="bbox 208 4283 1478 4438; baseline 0 -88"><span class='ocrx_word' id='word_1_366' title='bbox 208 4291 212 4300; x_wconf 87' lang='lat'>&#39;</span> <span class='ocrx_word' id='word_1_367' title='bbox 333 4283 462 4361; x_wconf 73' lang='lat' dir='ltr'>scierit,</span> <span class='ocrx_word' id='word_1_368' title='bbox 487 4300 585 4350; x_wconf 86' lang='lat' dir='ltr'>tamen</span> <span class='ocrx_word' id='word_1_369' title='bbox 601 4305 635 4363; x_wconf 78' lang='lat' dir='ltr'>ea</span> <span class='ocrx_word' id='word_1_370' title='bbox 654 4287 873 4372; x_wconf 76' lang='lat' dir='ltr'>qualiacunque</span> <span class='ocrx_word' id='word_1_371' title='bbox 888 4284 964 4366; x_wconf 87' lang='lat' dir='ltr'>sunt,</span> <span class='ocrx_word' id='word_1_372' title='bbox 980 4290 1020 4351; x_wconf 88' lang='lat' dir='ltr'>ita</span> <span class='ocrx_word' id='word_1_373' title='bbox 1034 4283 1154 4367; x_wconf 67' lang='lat' dir='ltr'>tradat,</span> <span class='ocrx_word' id='word_1_374' title='bbox 1178 4302 1212 4351; x_wconf 89' lang='lat' dir='ltr'>ut</span> <span class='ocrx_word' id='word_1_375' title='bbox 1225 4285 1321 4351; x_wconf 86' lang='lat' dir='ltr'>multa</span> <span class='ocrx_word' id='word_1_376' title='bbox 1339 4304 1478 4438; x_wconf 60' lang='lat' dir='ltr'>prsaeterea</span> 
     </span>
     <span class='ocr_line' id='line_1_42' title="bbox 1379 4395 1479 4439; baseline 0.01 -3"><span class='ocrx_word' id='word_1_377' title='bbox 1379 4395 1479 4439; x_wconf 87' lang='lat' dir='ltr'>ummo</span> 
     </span>
    </p>
   </div>
   <div class='ocr_carea' id='block_1_6' title="bbox 0 0 1634 5259">
    <p class='ocr_par' dir='ltr' id='par_1_20' title="bbox 0 0 1634 5259">
     <span class='ocr_line' id='line_1_43' title="bbox 0 0 1634 5259; baseline 0 0"><span class='ocrx_word' id='word_1_378' title='bbox 0 0 1634 5259; x_wconf 95' lang='lat' dir='ltr'> </span> 
     </span>
    </p>
   </div>
  </div>
 </body>
</html>
