3250 5259
423 511 511 588 DE
562 501 1005 594 CO'NGIAIR-IlS
1044 496 1405 576 ROMANIS.

350 707 515 792 Scriptura
533 709 626 770 libros
640 704 824 769 ennnoollis
838 702 995 785 objiciatur
1013 699 1114 763 similis
1126 698 1311 779 conjuodlio,
1335 719 1405 781 qoae
1421 696 1479 761 fer·

346 797 560 878 tottontigille
572 794 626 856 snb
642 797 775 874 Principe
798 787 1022 852 ‘libouen-Hiu.
1042 809 1044 820 ’
1070 789 1166 868 Hujus
1183 785 1374 868 Imperatoris
1396 788 1478 848 initia

347 883 386 945 ad
400 903 511 945 annum
532 895 629 965 2'510,
652 897 778 944 mortem
795 879 833 938 ad
857 896 967 938 anuum
998 893 1093 960 2433,
1116 891 1183 938 ante
1206 873 1308 951 Jelutn
1323 872 1478 937 Christum

346 967 490 1032 referunt.
534 965 637 1032 Menle
651 982 750 1030 autem
768 965 884 1113 M'qtgp
900 960 1020 1024 Lunam
1032 961 1186 1025 secundam
1201 976 1359 1024 numerant
1374 959 1478 1023 Siuen·

348 1051 401 1132 ses,
424 1056 508 1138 quod
521 1059 559 1119 ab
573 1055 699 1138 ingrellu
713 1051 832 1117 Solisi'n
872 1049 951 1122 tices,
975 1045 1035 1110 nod
1049 1048 1129 1123 vero,
1154 1065 1187 1112 ut
1202 1069 1266 1122 uos,
1287 1036 1327 1112 ab
1347 1047 1473 1130 ingrello

345 1143 378 1206 in
397 1143 540 1218 Arietem,
554 1146 706 1223 (Taurum
719 1144 749 1203 in
763 1138 814 1201 iol.
826 1139 908 1216 rato.)
924 1156 1034 1198 annum
1049 1138 1204 1217 incipiunt.
1251 1135 1471 1217 indequoqne

347 1227 423 1294 ciam
454 1233 553 1312 Judaei
585 1227 715 1300 Sinenses
740 1224 963 1308 scenopegiam,
988 1223 1036 1286 seu
1060 1222 1165 1286 iessum
1182 1219 1475 1294 Tabernaculorom,

344 1313 467 1400 septimii
498 1316 589 1388 Luni,
608 1317 799 1393 celebrarent,
838 1331 872 1376 ut
897 1311 1028 1374 diximus
1042 1314 1071 1372 in
1090 1315 1187 1393 priore
1208 1313 1309 1376 Taciti
1330 1311 1473 1382 editione,-

345 1408 441 1468 Tom.
458 1409 606 1487 lll‚·-psg.
619 1423 693 1495 575,
712 1404 813 1464 eadem
828 1400 1023 1464 morealmes
1037 1401 1123 1461 Luna
1136 1397 1239 1461 ottavo
1249 1397 1472 1472 numerabatur,

345 1507 382 1554 ut
393 1493 483 1556 habet
496 1492 726 1576 epistolnt’atris
739 1494 974 1636 Domen{erodet
987 1570 1023 1634 ad
1035 1591 1092 1656 cap
1106 1549 1165 1637 xva
1196 1571 1276 1636 Dial.
1289 1571 1329 1635 de
1344 1572 1433 1634 Orat.

416 1987 502 2062 on
554 1983 998 2098 conatnurrs
1048 1979 1397 2059 Romnurs.

394 2262 540 2322 IENNIO
554 2256 637 2323 antea
648 2250 894 2338 annoVespalrani
904 2272 1022 2338 quarto,
1036 2257 1129 2326 Urbis
1137 2259 1266 2322 conditae
1275 2275 1476 2330 mcccxxvt,

414 2344 517 2411 datum
526 2345 567 2408 est
578 2345 652 2408 illud
664 2341 859 2425 congiarium,
873 2345 957 2424 cujus
967 2347 1108 2408 memoria
1123 2344 1216 2408 exstat
1228 2348 1257 2410 in
1268 2365 1398 2410 nummo
1413 2346 1475 2404 Do·

344 2427 471 2509 tuitioni,
494 2436 617 2496 CONG.
633 2437 673 2495 11.
689 2433 776 2494 COS.
793 2433 832 2494 11.
851 2430 947 2506 idest,
970 2430 1154 2513 Congiarium
1182 2432 1316 2506 alterurn,
1338 2430 1475 2494 Domiti·
1529 2433 1530 2518 l

345 2538 404 2582 ano
427 2518 531 2604 cottsule
544 2519 708 2605 secundnm.
760 2520 794 2579 Iu
820 2539 945 2580 nummo
970 2538 1093 2601 quoque
1118 2518 1197 2590 Titi,
1236 2519 1280 2582 T.
1309 2519 1476 2582 CAESAR

343 2604 626 2669 VESPASIANUS
651 2609 684 2668 T
685 2611 723 2668 R.
739 2607 773 2668 P.
789 2607 875 2667 COS.
898 2611 936 2668 ll.
961 2603 991 2668 dt
1015 2625 1053 2670 ex
1077 2602 1199 2668 adversi
1228 2620 1324 2687 parte,
1349 2607 1477 2670 CONG.

211 2763 217 2781 ἱ
345 2695 442 2757 TER.
461 2694 494 2753 P.
511 2697 548 2754 R.
563 2695 647 2755 IMP.
662 2695 766 2756 Max.
783 2694 888 2755 DAT.
904 2691 1001 2768 idest,
1025 2690 1202 2772 congiarium
1229 2691 1351 2754 tertium
1374 2690 1475 2775 popula

343 2775 472 2840 Romana
502 2777 627 2862 imperfis
654 2777 787 2840 maximis
808 2777 916 2840 datum.
961 2783 1060 2842 Nemo
1088 2794 1187 2842 autem
1208 2775 1335 2842 miretur
1347 2777 1473 2860 priscam

344 2884 442 2928 retum
455 2863 628 2928 memoriam
643 2865 682 2926 ad
696 2863 845 2946 congiaria
866 2863 978 2939 referri,
1000 2864 1069 2928 citor
1084 2867 1134 2926 vix
1152 2865 1323 2947 quidquam
1333 2867 1366 2928 in
1377 2868 1473 2946 impe-

343 2952 391 3014 rio
415 2955 554 3014 Romano
574 2953 609 3014 iis
627 2950 717 3014 fuerit
742 2949 893 3014 illustrius.
941 2949 998 3014 Hie
1023 2970 1105 3034 ergo,
1130 2953 1181 3014 ubi
1206 2951 1234 3016 se
1249 2951 1301 3014 dat
1315 2949 1474 3016 occasio&
1529 2973 1530 3016 1

232 3062 235 3069 ·
342 3038 562 3121 opportunitas,
591 3051 815 3122 argumentum,
835 3039 865 3099 in
889 3037 1011 3101 historiai
1031 3041 1229 3123 praecipuum,
1253 3038 1348 3102 ferme
1376 3055 1474 3102 tamen
1529 3031 1530 3052 ¹

230 3150 234 3158 ²
343 3127 534 3199 intentatum,
556 3125 678 3187 trailare
692 3145 789 3205 operae
805 3123 933 3206 pretium
948 3123 1000 3187 est.

388 3209 467 3274 cum
490 3213 588 3275 adhuc
602 3211 765 3275 tenuiliima
777 3209 854 3273 foret
868 3231 914 3274 res
930 3211 1079 3288 Romana,
1095 3212 1207 3294 congiis
1223 3212 1380 3288 frumenti,
1402 3211 1473 3285 vini,

340 3296 406 3371 olei,
442 3298 625 3380 aliarumque
662 3297 693 3361 id
727 3318 823 3380 genus
849 3319 957 3374 rerum,
995 3319 1065 3382 quae
1101 3301 1216 3379 populo
1247 3299 1470 3377 dividebantur,

343 3383 495 3468 publicam
506 3389 630 3467 gratiam
645 3405 728 3467 reges
740 3384 892 3466 quaesrere,
907 3405 1075 3468 nomenque
1086 3381 1182 3448 fecere
1192 3388 1362 3468 congiariis.
1413 3386 1471 3448 An·

340 3492 394 3542 cus
409 3473 538 3538 Marcios
561 3492 614 3534 rex
634 3471 768 3552 instituto
790 3469 982 3534 saluberrimo
1002 3472 1071 3535 ulus
1087 3469 1138 3545 est,
1164 3489 1198 3534 ut
1223 3475 1344 3538 tributis
1366 3471 1471 3536 antio·

338 3558 458 3621 ritatem
481 3561 668 3620 conciliaret:
690 3574 790 3639 atque,
811 3555 881 3620 ciam
905 3557 1007 3620 salinas
1027 3557 1201 3636 institueret,
1212 3557 1288 3646 salis
1310 3558 1469 3646 modiossex

339 3643 415 3707 mille
427 3642 457 3704 in
472 3643 615 3728 congiario
625 3644 702 3706 dedit
710 3645 820 3727 populo,
841 3646 917 3708 Plin.
934 3649 1053 3721 XXXI,
1081 3663 1111 3729 7.

381 3729 513 3792 Publicae
523 3729 633 3792 laetitiae
648 3749 714 3812 pars
727 3732 854 3794 maxima
866 3728 978 3813 semper
992 3732 1075 3795 fuere
1089 3730 1251 3814 congiaria.
1297 3737 1336 3796 L.
1353 3728 1466 3798 Lucul-

338 3815 397 3893 lus,
416 3814 478 3876 caim
493 3815 580 3876 rediit
604 3840 638 3877 ex
652 3813 717 3898 Asta*
732 3815 824 3886 taillia
838 3819 937 3882 cadim
953 3817 1014 3882 vini
1038 3821 1151 3892 Graeci,
1176 3818 1208 3880 in
1231 3818 1417 3901 congiarium
1428 3816 1467 3878 di·

337 3901 406 3985 viſst
428 3899 547 3982 amplius
575 3916 694 3976 centum,
729 3903 805 3964 Plin.
834 3903 918 3978 XIV,
945 3924 994 3983 14.
1037 3909 1176 3970 Veterem
1205 3923 1321 3969 morem
1355 3901 1466 3967 secutus

336 3989 436 4068 Julius
451 3981 559 4061 Caesar,
582 3985 722 4060 dillator,
747 3990 892 4069 triumphi
904 3988 948 4055 sui
962 3993 1034 4056 cena
1054 3992 1186 4074 singulas
1199 3991 1318 4056 Falerni
1341 3991 1466 4074 ampho-

336 4095 394 4146 ras,
419 4072 549 4154 smgulos
574 4073 643 4133 Chii
665 4076 766 4145 cados,
791 4077 822 4136 in
844 4075 958 4160 fingola
980 4078 1118 4142 convivia
1143 4077 1308 4143 distribuit.
1355 4079 1464 4142 Chium

336 4161 436 4226 adhuc
463 4157 675 4221 &Falernum
706 4161 737 4222 in
764 4157 944 4242 Hispaniensi
971 4166 1126 4246 triumpho
1154 4165 1248 4240 dedit,
1287 4166 1369 4230 Plio.
1392 4163 1463 4228 ibid.

336 4245 460 4324 Quanta
480 4257 551 4307 tunc
565 4243 681 4320 laetitia,
702 4244 770 4308 crim
788 4249 917 4330 populus
941 4255 1104 4327 Romanus,
1125 4271 1180 4336 per
1195 4251 1331 4316 convivia
1346 4247 1465 4326 divisus,

317 4331 413 4394 *iuter
435 4331 539 4418 patria
565 4332 871 4419 triumphantiumque
896 4337 1008 4418 laudes,
1032 4335 1112 4413 suam
1128 4336 1188 4432 ipse
1202 4337 1361 4406 fortunam
1377 4335 1467 4400 felici·

1317 4441 1469 4506 ratemque
