<?xml version="1.0" encoding="UTF-8"?>
<!DOCTYPE html PUBLIC "-//W3C//DTD XHTML 1.0 Transitional//EN"
    "http://www.w3.org/TR/xhtml1/DTD/xhtml1-transitional.dtd">
<html xmlns="http://www.w3.org/1999/xhtml" xml:lang="en" lang="en">
 <head>
  <title>
</title>
<meta http-equiv="Content-Type" content="text/html;charset=utf-8" />
  <meta name='ocr-system' content='tesseract 3.04.00' />
  <meta name='ocr-capabilities' content='ocr_page ocr_carea ocr_par ocr_line ocrx_word'/>
</head>
<body>
  <div class='ocr_page' id='page_1' title='image "./tractatusvariil00crevgoog_0186.png"; bbox 0 0 3250 5259; ppageno 0'>
   <div class='ocr_carea' id='block_1_1' title="bbox 951 551 1227 704">
    <p class='ocr_par' dir='ltr' id='par_1_1' title="bbox 951 551 1227 704">
     <span class='ocr_line' id='line_1_1' title="bbox 972 551 1029 568; baseline 0.035 -2"><span class='ocrx_word' id='word_1_1' title='bbox 972 551 986 566; x_wconf 82' lang='grc' dir='ltr'>,Ι</span> <span class='ocrx_word' id='word_1_2' title='bbox 1026 563 1029 568; x_wconf 89' lang='grc'>.</span> 
     </span>
     <span class='ocr_line' id='line_1_2' title="bbox 980 577 1133 592; baseline 0.033 -8"><span class='ocrx_word' id='word_1_3' title='bbox 980 579 982 584; x_wconf 96' lang='grc'>.</span> <span class='ocrx_word' id='word_1_4' title='bbox 1048 577 1051 586; x_wconf 63' lang='grc' dir='ltr'><em>ι</em></span> <span class='ocrx_word' id='word_1_5' title='bbox 1131 589 1133 592; x_wconf 85' lang='grc'><strong>,</strong></span> 
     </span>
     <span class='ocr_line' id='line_1_3' title="bbox 951 584 1203 640; baseline 0.032 -32"><span class='ocrx_word' id='word_1_6' title='bbox 951 598 961 624; x_wconf 59' lang='grc' dir='ltr'>ι1</span> <span class='ocrx_word' id='word_1_7' title='bbox 977 605 983 612; x_wconf 70' lang='grc'><strong>,</strong></span> <span class='ocrx_word' id='word_1_8' title='bbox 1084 584 1124 640; x_wconf 42' lang='lat' dir='ltr'>&#39;N&#39;</span> <span class='ocrx_word' id='word_1_9' title='bbox 1200 621 1203 626; x_wconf 51' lang='grc'>1</span> 
     </span>
     <span class='ocr_line' id='line_1_4' title="bbox 995 630 1120 646; baseline 0.032 -10"><span class='ocrx_word' id='word_1_10' title='bbox 995 635 1004 646; x_wconf 69' lang='lat'><em>·</em></span> <span class='ocrx_word' id='word_1_11' title='bbox 1117 630 1120 640; x_wconf 65' lang='lat' dir='ltr'><strong>D</strong></span> 
     </span>
     <span class='ocr_line' id='line_1_5' title="bbox 958 651 1227 688; baseline 0.03 -17"><span class='ocrx_word' id='word_1_12' title='bbox 958 657 963 671; x_wconf 80' lang='lat' dir='ltr'>r</span> <span class='ocrx_word' id='word_1_13' title='bbox 1047 651 1082 688; x_wconf 46' lang='grc' dir='ltr'>ΓΗ</span> <span class='ocrx_word' id='word_1_14' title='bbox 1122 672 1128 680; x_wconf 87' lang='grc'><strong><em>,</em></strong></span> <span class='ocrx_word' id='word_1_15' title='bbox 1223 677 1227 684; x_wconf 82' lang='grc'><strong>,</strong></span> 
     </span>
     <span class='ocr_line' id='line_1_6' title="bbox 1022 693 1035 704; baseline 0 -4"><span class='ocrx_word' id='word_1_16' title='bbox 1022 693 1035 704; x_wconf 78' lang='grc' dir='ltr'>,ι</span> 
     </span>
    </p>
   </div>
   <div class='ocr_carea' id='block_1_2' title="bbox 381 721 1414 1016">
    <p class='ocr_par' dir='ltr' id='par_1_2' title="bbox 381 721 1414 1016">
     <span class='ocr_line' id='line_1_7' title="bbox 381 721 1414 880; baseline 0.006 -7"><span class='ocrx_word' id='word_1_17' title='bbox 381 794 453 872; x_wconf 82' lang='lat' dir='ltr'>un</span> <span class='ocrx_word' id='word_1_18' title='bbox 478 768 761 866; x_wconf 80' lang='lat' dir='ltr'>usrnronunr</span> <span class='ocrx_word' id='word_1_19' title='bbox 787 721 1046 870; x_wconf 76' lang='lat' dir='ltr'>conourn</span> <span class='ocrx_word' id='word_1_20' title='bbox 1073 732 1414 880; x_wconf 79' lang='lat' dir='ltr'>nuirnunranr·</span> 
     </span>
     <span class='ocr_line' id='line_1_8' title="bbox 699 891 1154 1016; baseline -0.007 -50"><span class='ocrx_word' id='word_1_21' title='bbox 699 891 1090 983; x_wconf 79' lang='lat' dir='ltr'>crucuuvncra.</span> <span class='ocrx_word' id='word_1_22' title='bbox 1152 999 1154 1016; x_wconf 32' lang='grc' dir='ltr'>Ι</span> 
     </span>
    </p>
   </div>
   <div class='ocr_carea' id='block_1_3' title="bbox 231 1135 353 1159">
    <p class='ocr_par' dir='ltr' id='par_1_3' title="bbox 231 1135 353 1159">
     <span class='ocr_line' id='line_1_9' title="bbox 231 1135 353 1159; baseline 0.033 -4"><span class='ocrx_word' id='word_1_23' title='bbox 231 1149 234 1155; x_wconf 95' lang='grc'><em>,</em></span> <span class='ocrx_word' id='word_1_24' title='bbox 344 1135 353 1159; x_wconf 80' lang='lat' dir='ltr'>s</span> 
     </span>
    </p>
   </div>
   <div class='ocr_carea' id='block_1_4' title="bbox 130 1199 1536 3636">
    <p class='ocr_par' dir='ltr' id='par_1_4' title="bbox 333 1199 1464 1488">
     <span class='ocr_line' id='line_1_10' title="bbox 333 1199 1461 1326; baseline 0.017 -66"><span class='ocrx_word' id='word_1_25' title='bbox 333 1200 605 1326; x_wconf 79' lang='lat' dir='ltr'>COHORTEM</span> <span class='ocrx_word' id='word_1_26' title='bbox 627 1199 707 1263; x_wconf 85' lang='lat' dir='ltr'>illam</span> <span class='ocrx_word' id='word_1_27' title='bbox 733 1199 908 1284; x_wconf 85' lang='lat' dir='ltr'>Ufipiorum</span> <span class='ocrx_word' id='word_1_28' title='bbox 937 1223 975 1266; x_wconf 90' lang='lat' dir='ltr'>ex</span> <span class='ocrx_word' id='word_1_29' title='bbox 1004 1205 1187 1270; x_wconf 86' lang='lat' dir='ltr'>occidentali</span> <span class='ocrx_word' id='word_1_30' title='bbox 1214 1203 1386 1276; x_wconf 76' lang='lat' dir='ltr'>Britanniae</span> <span class='ocrx_word' id='word_1_31' title='bbox 1408 1220 1461 1295; x_wconf 77' lang='lat' dir='ltr'>ord</span> 
     </span>
     <span class='ocr_line' id='line_1_11' title="bbox 407 1284 1463 1394; baseline 0.02 -44"><span class='ocrx_word' id='word_1_32' title='bbox 407 1284 518 1351; x_wconf 82' lang='lat' dir='ltr'>solvisse</span> <span class='ocrx_word' id='word_1_33' title='bbox 533 1286 630 1348; x_wconf 86' lang='lat' dir='ltr'>innuit</span> <span class='ocrx_word' id='word_1_34' title='bbox 639 1287 772 1364; x_wconf 82' lang='lat' dir='ltr'>Tacitus,</span> <span class='ocrx_word' id='word_1_35' title='bbox 787 1291 875 1352; x_wconf 88' lang='lat' dir='ltr'>docet</span> <span class='ocrx_word' id='word_1_36' title='bbox 888 1289 960 1364; x_wconf 91' lang='lat' dir='ltr'>Dio,</span> <span class='ocrx_word' id='word_1_37' title='bbox 973 1295 1087 1356; x_wconf 89' lang='lat' dir='ltr'><strong>LXVI.</strong></span> <span class='ocrx_word' id='word_1_38' title='bbox 1098 1313 1166 1378; x_wconf 83' lang='lat' dir='ltr'>pag.</span> <span class='ocrx_word' id='word_1_39' title='bbox 1185 1315 1202 1374; x_wconf 89' lang='lat'><strong><em>7</em></strong></span> <span class='ocrx_word' id='word_1_40' title='bbox 1210 1313 1258 1378; x_wconf 80' lang='lat'>54,</span> <span class='ocrx_word' id='word_1_41' title='bbox 1307 1298 1463 1394; x_wconf 77' lang='grc' dir='ltr'>Ἐξαναχ·</span> 
     </span>
     <span class='ocr_line' id='line_1_12' title="bbox 335 1385 1464 1488; baseline 0.025 -46"><span class='ocrx_word' id='word_1_42' title='bbox 335 1387 421 1462; x_wconf 58' lang='grc' dir='ltr'><strong><em>θὲμτές</em></strong></span> <span class='ocrx_word' id='word_1_43' title='bbox 439 1385 643 1474; x_wconf 70' lang='grc' dir='ltr'>περιέπλευσαν</span> <span class='ocrx_word' id='word_1_44' title='bbox 660 1387 700 1450; x_wconf 78' lang='lat' dir='ltr'>roi</span> <span class='ocrx_word' id='word_1_45' title='bbox 718 1389 786 1477; x_wconf 72' lang='grc' dir='ltr'>πρδς</span> <span class='ocrx_word' id='word_1_46' title='bbox 803 1390 921 1476; x_wconf 72' lang='grc' dir='ltr'>ἑσπέραν</span> <span class='ocrx_word' id='word_1_47' title='bbox 939 1389 1028 1466; x_wconf 56' lang='lat' dir='ltr'>ardrie</span> <span class='ocrx_word' id='word_1_48' title='bbox 1053 1395 1267 1488; x_wconf 57' lang='lat' dir='ltr'>(Bussenius).</span> <span class='ocrx_word' id='word_1_49' title='bbox 1314 1401 1388 1462; x_wconf 77' lang='lat' dir='ltr'>Erat</span> <span class='ocrx_word' id='word_1_50' title='bbox 1399 1400 1464 1466; x_wconf 58' lang='lat' dir='ltr'>saud</span> 
     </span>
    </p>

    <p class='ocr_par' dir='ltr' id='par_1_5' title="bbox 336 1461 1469 1586">
     <span class='ocr_line' id='line_1_13' title="bbox 336 1461 1469 1586; baseline 0.025 -47"><span class='ocrx_word' id='word_1_51' title='bbox 336 1461 375 1549; x_wconf 60' lang='lat' dir='ltr'>eu}</span> <span class='ocrx_word' id='word_1_52' title='bbox 390 1463 427 1555; x_wconf 78' lang='lat' dir='ltr'>iis</span> <span class='ocrx_word' id='word_1_53' title='bbox 447 1483 552 1564; x_wconf 91' lang='lat' dir='ltr'>copiis,</span> <span class='ocrx_word' id='word_1_54' title='bbox 575 1503 654 1564; x_wconf 84' lang='lat' dir='ltr'>quas</span> <span class='ocrx_word' id='word_1_55' title='bbox 668 1480 809 1568; x_wconf 78' lang='lat' dir='ltr'>Agricola</span> <span class='ocrx_word' id='word_1_56' title='bbox 826 1485 1005 1553; x_wconf 82' lang='lat' dir='ltr'>instruxerat</span> <span class='ocrx_word' id='word_1_57' title='bbox 1020 1493 1050 1554; x_wconf 91' lang='lat' dir='ltr'>in</span> <span class='ocrx_word' id='word_1_58' title='bbox 1065 1487 1101 1554; x_wconf 77' lang='lat' dir='ltr'>ei</span> <span class='ocrx_word' id='word_1_59' title='bbox 1113 1495 1271 1558; x_wconf 76' lang='lat' dir='ltr'>britannia</span> <span class='ocrx_word' id='word_1_60' title='bbox 1284 1513 1379 1580; x_wconf 86' lang='lat' dir='ltr'>parte,</span> <span class='ocrx_word' id='word_1_61' title='bbox 1400 1523 1469 1586; x_wconf 71' lang='lat' dir='ltr'>qua</span> 
     </span>
    </p>

    <p class='ocr_par' dir='ltr' id='par_1_6' title="bbox 337 1565 1463 1666">
     <span class='ocr_line' id='line_1_14' title="bbox 337 1565 1463 1666; baseline 0.013 -28"><span class='ocrx_word' id='word_1_62' title='bbox 337 1571 515 1638; x_wconf 83' lang='lat' dir='ltr'>Hiberniam</span> <span class='ocrx_word' id='word_1_63' title='bbox 530 1565 656 1652; x_wconf 84' lang='lat' dir='ltr'>respicit,</span> <span class='ocrx_word' id='word_1_64' title='bbox 673 1589 706 1633; x_wconf 90' lang='lat' dir='ltr'>ur</span> <span class='ocrx_word' id='word_1_65' title='bbox 721 1573 835 1635; x_wconf 68' lang='lat' dir='ltr'>dissum</span> <span class='ocrx_word' id='word_1_66' title='bbox 851 1575 892 1638; x_wconf 86' lang='lat' dir='ltr'>esl</span> <span class='ocrx_word' id='word_1_67' title='bbox 907 1597 971 1658; x_wconf 86' lang='lat' dir='ltr'>cap.</span> <span class='ocrx_word' id='word_1_68' title='bbox 986 1594 1037 1658; x_wconf 64' lang='lat'>242</span> <span class='ocrx_word' id='word_1_69' title='bbox 1047 1580 1224 1666; x_wconf 78' lang='lat' dir='ltr'>VinAgric.</span> <span class='ocrx_word' id='word_1_70' title='bbox 1269 1588 1350 1650; x_wconf 88' lang='lat' dir='ltr'>Tres</span> <span class='ocrx_word' id='word_1_71' title='bbox 1365 1588 1463 1652; x_wconf 91' lang='lat' dir='ltr'>libur-</span> 
     </span>
    </p>

    <p class='ocr_par' dir='ltr' id='par_1_7' title="bbox 336 1654 1466 1758">
     <span class='ocr_line' id='line_1_15' title="bbox 336 1654 1466 1758; baseline 0.013 -33"><span class='ocrx_word' id='word_1_72' title='bbox 336 1657 419 1725; x_wconf 84' lang='lat' dir='ltr'>nicas</span> <span class='ocrx_word' id='word_1_73' title='bbox 443 1654 551 1722; x_wconf 83' lang='lat' dir='ltr'>furtim</span> <span class='ocrx_word' id='word_1_74' title='bbox 566 1654 729 1734; x_wconf 75' lang='lat' dir='ltr'>ascendere,</span> <span class='ocrx_word' id='word_1_75' title='bbox 753 1658 834 1723; x_wconf 75' lang='lat' dir='ltr'>nulli</span> <span class='ocrx_word' id='word_1_76' title='bbox 848 1663 1005 1746; x_wconf 83' lang='lat' dir='ltr'>navigandi</span> <span class='ocrx_word' id='word_1_77' title='bbox 1017 1681 1088 1744; x_wconf 84' lang='lat' dir='ltr'>arte,</span> <span class='ocrx_word' id='word_1_78' title='bbox 1115 1671 1143 1729; x_wconf 78' lang='grc' dir='ltr'>δι</span> <span class='ocrx_word' id='word_1_79' title='bbox 1169 1665 1204 1731; x_wconf 82' lang='lat' dir='ltr'>eai</span> <span class='ocrx_word' id='word_1_80' title='bbox 1219 1685 1318 1750; x_wconf 85' lang='lat' dir='ltr'>aetare,</span> <span class='ocrx_word' id='word_1_81' title='bbox 1341 1673 1405 1758; x_wconf 78' lang='lat' dir='ltr'>qui</span> <span class='ocrx_word' id='word_1_82' title='bbox 1420 1675 1466 1742; x_wconf 87' lang='lat' dir='ltr'>vel</span> 
     </span>
    </p>

    <p class='ocr_par' dir='ltr' id='par_1_8' title="bbox 337 1744 1466 1843">
     <span class='ocr_line' id='line_1_16' title="bbox 337 1744 1466 1843; baseline 0.016 -31"><span class='ocrx_word' id='word_1_83' title='bbox 337 1749 414 1812; x_wconf 87' lang='lat' dir='ltr'>inter</span> <span class='ocrx_word' id='word_1_84' title='bbox 428 1744 537 1832; x_wconf 88' lang='lat' dir='ltr'>peritos</span> <span class='ocrx_word' id='word_1_85' title='bbox 552 1758 615 1806; x_wconf 86' lang='lat' dir='ltr'>erat</span> <span class='ocrx_word' id='word_1_86' title='bbox 629 1748 746 1830; x_wconf 87' lang='lat' dir='ltr'>exigua.</span> <span class='ocrx_word' id='word_1_87' title='bbox 790 1752 855 1812; x_wconf 85' lang='lat' dir='ltr'>Hac</span> <span class='ocrx_word' id='word_1_88' title='bbox 865 1748 931 1812; x_wconf 84' lang='lat' dir='ltr'>illac</span> <span class='ocrx_word' id='word_1_89' title='bbox 946 1755 1032 1834; x_wconf 87' lang='lat' dir='ltr'>rapti,</span> <span class='ocrx_word' id='word_1_90' title='bbox 1056 1771 1092 1816; x_wconf 92' lang='lat' dir='ltr'>ut</span> <span class='ocrx_word' id='word_1_91' title='bbox 1103 1755 1212 1819; x_wconf 84' lang='lat' dir='ltr'>fluslus</span> <span class='ocrx_word' id='word_1_92' title='bbox 1227 1757 1392 1843; x_wconf 87' lang='lat' dir='ltr'>ventusque</span> <span class='ocrx_word' id='word_1_93' title='bbox 1414 1785 1466 1829; x_wconf 85' lang='lat' dir='ltr'>eos</span> 
     </span>
    </p>

    <p class='ocr_par' dir='ltr' id='par_1_9' title="bbox 130 1829 1466 1930">
     <span class='ocr_line' id='line_1_17' title="bbox 130 1829 1466 1930; baseline 0.026 -50"><span class='ocrx_word' id='word_1_94' title='bbox 130 1871 139 1890; x_wconf 73' lang='lat'>,</span> <span class='ocrx_word' id='word_1_95' title='bbox 337 1833 462 1910; x_wconf 69' lang='lat' dir='ltr'>ferebat,</span> <span class='ocrx_word' id='word_1_96' title='bbox 477 1829 566 1903; x_wconf 68' lang='grc' dir='ltr'>ὥςπέ</span> <span class='ocrx_word' id='word_1_97' title='bbox 579 1829 650 1897; x_wconf 78' lang='grc' dir='ltr'>τότε</span> <span class='ocrx_word' id='word_1_98' title='bbox 664 1833 758 1920; x_wconf 72' lang='grc' dir='ltr'><em>κῦμα,</em></span> <span class='ocrx_word' id='word_1_99' title='bbox 785 1833 814 1922; x_wconf 51' lang='lat'>&gt;9⁸</span> <span class='ocrx_word' id='word_1_100' title='bbox 831 1835 846 1902; x_wconf 78' lang='grc' dir='ltr'><em>ὅ</em></span> <span class='ocrx_word' id='word_1_101' title='bbox 862 1833 962 1924; x_wconf 70' lang='grc' dir='ltr'><em>ἄνεμος</em></span> <span class='ocrx_word' id='word_1_102' title='bbox 979 1836 1068 1918; x_wconf 65' lang='lat' dir='ltr'>assde</span> <span class='ocrx_word' id='word_1_103' title='bbox 1086 1841 1176 1930; x_wconf 72' lang='grc' dir='ltr'>ἴφερε,</span> <span class='ocrx_word' id='word_1_104' title='bbox 1201 1845 1263 1908; x_wconf 79' lang='lat' dir='ltr'>Dio</span> <span class='ocrx_word' id='word_1_105' title='bbox 1279 1849 1353 1911; x_wconf 84' lang='lat' dir='ltr'>ibid.</span> <span class='ocrx_word' id='word_1_106' title='bbox 1367 1851 1466 1916; x_wconf 76' lang='lat' dir='ltr'>versris</span> 
     </span>
    </p>

    <p class='ocr_par' dir='ltr' id='par_1_10' title="bbox 217 1905 1536 2826">
     <span class='ocr_line' id='line_1_18' title="bbox 217 1905 1466 2037; baseline 0.029 -54"><span class='ocrx_word' id='word_1_107' title='bbox 217 1905 225 1917; x_wconf 63' lang='lat'><strong><em>¹</em></strong></span> <span class='ocrx_word' id='word_1_108' title='bbox 291 1964 295 1973; x_wconf 81' lang='lat'><em>‚</em></span> <span class='ocrx_word' id='word_1_109' title='bbox 337 1924 618 2006; x_wconf 71' lang='lat' dir='ltr'>septemtrionalem</span> <span class='ocrx_word' id='word_1_110' title='bbox 634 1931 796 1996; x_wconf 72' lang='lat' dir='ltr'>Britanniae</span> <span class='ocrx_word' id='word_1_111' title='bbox 812 1950 925 2016; x_wconf 88' lang='lat' dir='ltr'>partem</span> <span class='ocrx_word' id='word_1_112' title='bbox 942 1935 1078 2001; x_wconf 87' lang='lat' dir='ltr'>rendunt.</span> <span class='ocrx_word' id='word_1_113' title='bbox 1121 1943 1201 2008; x_wconf 78' lang='lat' dir='ltr'>cum</span> <span class='ocrx_word' id='word_1_114' title='bbox 1225 1969 1305 2012; x_wconf 89' lang='lat' dir='ltr'>oram</span> <span class='ocrx_word' id='word_1_115' title='bbox 1322 1951 1466 2037; x_wconf 87' lang='lat' dir='ltr'>legerent,</span> 
     </span>
     <span class='ocr_line' id='line_1_19' title="bbox 336 2005 1465 2118; baseline 0.029 -44"><span class='ocrx_word' id='word_1_116' title='bbox 336 2029 393 2074; x_wconf 86' lang='lat' dir='ltr'>uec</span> <span class='ocrx_word' id='word_1_117' title='bbox 411 2005 574 2077; x_wconf 89' lang='lat' dir='ltr'>sufficerent</span> <span class='ocrx_word' id='word_1_118' title='bbox 587 2034 781 2094; x_wconf 88' lang='lat' dir='ltr'>commearus,</span> <span class='ocrx_word' id='word_1_119' title='bbox 803 2021 947 2106; x_wconf 84' lang='lat' dir='ltr'>congreffi</span> <span class='ocrx_word' id='word_1_120' title='bbox 971 2023 1038 2088; x_wconf 89' lang='lat' dir='ltr'>suut</span> <span class='ocrx_word' id='word_1_121' title='bbox 1051 2046 1120 2090; x_wconf 92' lang='lat' dir='ltr'>curn</span> <span class='ocrx_word' id='word_1_122' title='bbox 1139 2030 1285 2118; x_wconf 90' lang='lat' dir='ltr'>plerisque</span> <span class='ocrx_word' id='word_1_123' title='bbox 1299 2043 1465 2106; x_wconf 86' lang='lat' dir='ltr'>Britanno·</span> 
     </span>
     <span class='ocr_line' id='line_1_20' title="bbox 338 2103 1467 2200; baseline 0.03 -40"><span class='ocrx_word' id='word_1_124' title='bbox 338 2116 420 2176; x_wconf 85' lang='lat' dir='ltr'>rum,</span> <span class='ocrx_word' id='word_1_125' title='bbox 442 2117 550 2182; x_wconf 86' lang='lat' dir='ltr'>nempe</span> <span class='ocrx_word' id='word_1_126' title='bbox 558 2120 628 2164; x_wconf 88' lang='lat' dir='ltr'>cum</span> <span class='ocrx_word' id='word_1_127' title='bbox 642 2103 748 2166; x_wconf 83' lang='lat' dir='ltr'>incolis</span> <span class='ocrx_word' id='word_1_128' title='bbox 763 2111 993 2189; x_wconf 88' lang='lat' dir='ltr'>provinciarum,</span> <span class='ocrx_word' id='word_1_129' title='bbox 1009 2133 1173 2196; x_wconf 85' lang='lat' dir='ltr'>quasnuuc</span> <span class='ocrx_word' id='word_1_130' title='bbox 1187 2121 1314 2200; x_wconf 83' lang='lat' dir='ltr'>dicimus</span> <span class='ocrx_word' id='word_1_131' title='bbox 1330 2125 1467 2192; x_wconf 78' lang='lat' dir='ltr'>Cambar-</span> 
     </span>
     <span class='ocr_line' id='line_1_21' title="bbox 339 2182 1466 2292; baseline 0.028 -48"><span class='ocrx_word' id='word_1_132' title='bbox 339 2182 419 2262; x_wconf 76' lang='lat' dir='ltr'>land,</span> <span class='ocrx_word' id='word_1_133' title='bbox 457 2182 616 2272; x_wconf 82' lang='lat' dir='ltr'>Galsoway,</span> <span class='ocrx_word' id='word_1_134' title='bbox 652 2188 782 2269; x_wconf 71' lang='lat' dir='ltr'>Contine,</span> <span class='ocrx_word' id='word_1_135' title='bbox 819 2191 928 2277; x_wconf 80' lang='lat' dir='ltr'>Argyll,</span> <span class='ocrx_word' id='word_1_136' title='bbox 952 2197 1112 2285; x_wconf 56' lang='lat' dir='ltr'>Inumnds,</span> <span class='ocrx_word' id='word_1_137' title='bbox 1143 2203 1380 2292; x_wconf 82' lang='lat' dir='ltr'>Strathnavern,</span> <span class='ocrx_word' id='word_1_138' title='bbox 1411 2217 1466 2278; x_wconf 74' lang='lat' dir='ltr'>dcc.</span> 
     </span>
     <span class='ocr_line' id='line_1_22' title="bbox 340 2267 1536 2392; baseline 0.03 -59"><span class='ocrx_word' id='word_1_139' title='bbox 340 2267 421 2333; x_wconf 83' lang='lat' dir='ltr'>Criru</span> <span class='ocrx_word' id='word_1_140' title='bbox 439 2289 608 2345; x_wconf 85' lang='lat' dir='ltr'>extremum</span> <span class='ocrx_word' id='word_1_141' title='bbox 623 2272 727 2340; x_wconf 88' lang='lat' dir='ltr'>insulae</span> <span class='ocrx_word' id='word_1_142' title='bbox 741 2277 780 2344; x_wconf 87' lang='lat' dir='ltr'>src</span> <span class='ocrx_word' id='word_1_143' title='bbox 800 2281 968 2364; x_wconf 71' lang='lat' dir='ltr'>attigissent,</span> <span class='ocrx_word' id='word_1_144' title='bbox 990 2283 1085 2350; x_wconf 81' lang='lat' dir='ltr'>finum</span> <span class='ocrx_word' id='word_1_145' title='bbox 1111 2287 1262 2356; x_wconf 82' lang='lat' dir='ltr'>Pentland</span> <span class='ocrx_word' id='word_1_146' title='bbox 1273 2295 1366 2362; x_wconf 86' lang='lat' dir='ltr'>Firrb</span> <span class='ocrx_word' id='word_1_147' title='bbox 1393 2304 1469 2367; x_wconf 89' lang='lat' dir='ltr'>iuter</span> <span class='ocrx_word' id='word_1_148' title='bbox 1535 2343 1536 2392; x_wconf 47' lang='lat' dir='ltr'>g</span> 
     </span>
     <span class='ocr_line' id='line_1_23' title="bbox 339 2357 1536 2458; baseline 0.033 -41"><span class='ocrx_word' id='word_1_149' title='bbox 339 2357 525 2434; x_wconf 78' lang='lat' dir='ltr'>Britanniam</span> <span class='ocrx_word' id='word_1_150' title='bbox 539 2359 570 2422; x_wconf 76' lang='lat' dir='ltr'>dc</span> <span class='ocrx_word' id='word_1_151' title='bbox 583 2361 723 2438; x_wconf 87' lang='lat' dir='ltr'>Orcadas,</span> <span class='ocrx_word' id='word_1_152' title='bbox 744 2364 783 2429; x_wconf 76' lang='lat' dir='ltr'>les</span> <span class='ocrx_word' id='word_1_153' title='bbox 806 2368 866 2449; x_wconf 70' lang='lat' dir='ltr'>ssas</span> <span class='ocrx_word' id='word_1_154' title='bbox 887 2371 1011 2451; x_wconf 74' lang='lat' dir='ltr'>Oriney,</span> <span class='ocrx_word' id='word_1_155' title='bbox 1032 2371 1148 2458; x_wconf 83' lang='lat' dir='ltr'>ingrcssi</span> <span class='ocrx_word' id='word_1_156' title='bbox 1171 2375 1248 2456; x_wconf 91' lang='lat' dir='ltr'>suut,</span> <span class='ocrx_word' id='word_1_157' title='bbox 1272 2381 1302 2445; x_wconf 79' lang='lat' dir='ltr'>dr</span> <span class='ocrx_word' id='word_1_158' title='bbox 1317 2388 1348 2448; x_wconf 87' lang='lat' dir='ltr'>in</span> <span class='ocrx_word' id='word_1_159' title='bbox 1362 2391 1470 2454; x_wconf 88' lang='lat' dir='ltr'>Orien·</span> <span class='ocrx_word' id='word_1_160' title='bbox 1535 2395 1536 2430; x_wconf 72' lang='lat' dir='ltr'>r</span> 
     </span>
     <span class='ocr_line' id='line_1_24' title="bbox 341 2443 1472 2560; baseline 0.033 -55"><span class='ocrx_word' id='word_1_161' title='bbox 341 2443 429 2508; x_wconf 85' lang='lat' dir='ltr'>talem</span> <span class='ocrx_word' id='word_1_162' title='bbox 443 2447 605 2525; x_wconf 74' lang='lat' dir='ltr'>Britanniae</span> <span class='ocrx_word' id='word_1_163' title='bbox 616 2465 729 2531; x_wconf 84' lang='lat' dir='ltr'>partem</span> <span class='ocrx_word' id='word_1_164' title='bbox 742 2453 861 2520; x_wconf 83' lang='lat' dir='ltr'>flexere.</span> <span class='ocrx_word' id='word_1_165' title='bbox 906 2461 991 2520; x_wconf 82' lang='lat' dir='ltr'>Nova</span> <span class='ocrx_word' id='word_1_166' title='bbox 1001 2459 1070 2522; x_wconf 86' lang='lat' dir='ltr'>inde</span> <span class='ocrx_word' id='word_1_167' title='bbox 1081 2465 1184 2542; x_wconf 84' lang='lat' dir='ltr'>proelia</span> <span class='ocrx_word' id='word_1_168' title='bbox 1197 2485 1267 2534; x_wconf 90' lang='lat' dir='ltr'>cum</span> <span class='ocrx_word' id='word_1_169' title='bbox 1281 2473 1390 2538; x_wconf 83' lang='lat' dir='ltr'>incolis</span> <span class='ocrx_word' id='word_1_170' title='bbox 1405 2497 1472 2560; x_wconf 90' lang='lat' dir='ltr'>pro·</span> 
     </span>
     <span class='ocr_line' id='line_1_25' title="bbox 340 2529 1470 2644; baseline 0.027 -52"><span class='ocrx_word' id='word_1_171' title='bbox 340 2529 509 2596; x_wconf 81' lang='lat' dir='ltr'>vinciarum</span> <span class='ocrx_word' id='word_1_172' title='bbox 524 2533 669 2621; x_wconf 81' lang='lat' dir='ltr'>Catbness,</span> <span class='ocrx_word' id='word_1_173' title='bbox 681 2538 880 2618; x_wconf 74' lang='lat' dir='ltr'>Seuthersund,</span> <span class='ocrx_word' id='word_1_174' title='bbox 903 2540 1046 2625; x_wconf 77' lang='lat' dir='ltr'>Murray,</span> <span class='ocrx_word' id='word_1_175' title='bbox 1064 2545 1198 2636; x_wconf 61' lang='lat' dir='ltr'>Barbari,</span> <span class='ocrx_word' id='word_1_176' title='bbox 1213 2553 1280 2634; x_wconf 86' lang='lat' dir='ltr'>&amp;c;</span> <span class='ocrx_word' id='word_1_177' title='bbox 1303 2581 1403 2644; x_wconf 90' lang='lat' dir='ltr'>eaque</span> <span class='ocrx_word' id='word_1_178' title='bbox 1423 2569 1470 2628; x_wconf 90' lang='lat' dir='ltr'>in.</span> 
     </span>
     <span class='ocr_line' id='line_1_26' title="bbox 342 2615 1470 2727; baseline 0.032 -46"><span class='ocrx_word' id='word_1_179' title='bbox 342 2615 485 2691; x_wconf 80' lang='lat' dir='ltr'>feliciora.</span> <span class='ocrx_word' id='word_1_180' title='bbox 528 2622 736 2707; x_wconf 66' lang='lat' dir='ltr'>Imprudentes</span> <span class='ocrx_word' id='word_1_181' title='bbox 749 2629 827 2690; x_wconf 88' lang='lat' dir='ltr'>enirn</span> <span class='ocrx_word' id='word_1_182' title='bbox 846 2631 876 2692; x_wconf 91' lang='lat' dir='ltr'>in</span> <span class='ocrx_word' id='word_1_183' title='bbox 890 2629 982 2692; x_wconf 84' lang='lat' dir='ltr'>castra</span> <span class='ocrx_word' id='word_1_184' title='bbox 995 2635 1212 2716; x_wconf 88' lang='lat' dir='ltr'>Romanorum,</span> <span class='ocrx_word' id='word_1_185' title='bbox 1234 2647 1288 2727; x_wconf 91' lang='lat' dir='ltr'>qui</span> <span class='ocrx_word' id='word_1_186' title='bbox 1302 2648 1470 2716; x_wconf 80' lang='lat' dir='ltr'>ibirende-</span> 
     </span>
     <span class='ocr_line' id='line_1_27' title="bbox 342 2703 1472 2826; baseline 0.034 -59"><span class='ocrx_word' id='word_1_187' title='bbox 342 2704 425 2782; x_wconf 88' lang='lat' dir='ltr'>bant,</span> <span class='ocrx_word' id='word_1_188' title='bbox 447 2703 661 2782; x_wconf 57' lang='lat' dir='ltr'>incidirmcui</span> <span class='ocrx_word' id='word_1_189' title='bbox 686 2708 784 2780; x_wconf 65' lang='lat' dir='ltr'>suasor</span> <span class='ocrx_word' id='word_1_190' title='bbox 801 2716 831 2779; x_wconf 78' lang='lat' dir='ltr'>sut</span> <span class='ocrx_word' id='word_1_191' title='bbox 848 2713 886 2786; x_wconf 72' lang='grc' dir='ltr'>τῖἷ</span> <span class='ocrx_word' id='word_1_192' title='bbox 915 2715 964 2782; x_wconf 74' lang='lat' dir='ltr'>sni</span> <span class='ocrx_word' id='word_1_193' title='bbox 980 2716 1101 2811; x_wconf 74' lang='lat' dir='ltr'>desurper,</span> <span class='ocrx_word' id='word_1_194' title='bbox 1126 2727 1197 2814; x_wconf 71' lang='lat' dir='ltr'>aspris</span> <span class='ocrx_word' id='word_1_195' title='bbox 1223 2729 1265 2796; x_wconf 76' lang='lat' dir='ltr'>roi</span> <span class='ocrx_word' id='word_1_196' title='bbox 1290 2737 1472 2826; x_wconf 71' lang='grc' dir='ltr'><strong><em>ς-ρατόπεδα</em></strong></span> 
     </span>
    </p>

    <p class='ocr_par' dir='ltr' id='par_1_11' title="bbox 342 2797 1536 3196">
     <span class='ocr_line' id='line_1_28' title="bbox 342 2797 1536 2927; baseline 0.034 -64"><span class='ocrx_word' id='word_1_197' title='bbox 342 2797 385 2882; x_wconf 71' lang='lat' dir='ltr'>aqi</span> <span class='ocrx_word' id='word_1_198' title='bbox 399 2803 491 2897; x_wconf 65' lang='grc' dir='ltr'><strong>ταυτῇ</strong></span> <span class='ocrx_word' id='word_1_199' title='bbox 504 2799 571 2872; x_wconf 74' lang='lat' dir='ltr'>sura</span> <span class='ocrx_word' id='word_1_200' title='bbox 588 2808 774 2897; x_wconf 68' lang='grc' dir='ltr'>προσχόντες,</span> <span class='ocrx_word' id='word_1_201' title='bbox 797 2812 860 2876; x_wconf 91' lang='lat' dir='ltr'>Dio</span> <span class='ocrx_word' id='word_1_202' title='bbox 881 2813 955 2878; x_wconf 84' lang='lat' dir='ltr'>ibid.</span> <span class='ocrx_word' id='word_1_203' title='bbox 992 2815 1093 2882; x_wconf 85' lang='lat' dir='ltr'>Novo</span> <span class='ocrx_word' id='word_1_204' title='bbox 1115 2820 1173 2886; x_wconf 92' lang='lat' dir='ltr'>hoc</span> <span class='ocrx_word' id='word_1_205' title='bbox 1198 2830 1335 2908; x_wconf 90' lang='lat' dir='ltr'>periculo</span> <span class='ocrx_word' id='word_1_206' title='bbox 1362 2839 1470 2927; x_wconf 66' lang='lat' dir='ltr'>territi,</span> <span class='ocrx_word' id='word_1_207' title='bbox 1535 2843 1536 2896; x_wconf 84' lang='lat' dir='ltr'>l</span> 
     </span>
     <span class='ocr_line' id='line_1_29' title="bbox 342 2896 1536 3009; baseline 0.038 -49"><span class='ocrx_word' id='word_1_208' title='bbox 342 2896 553 2982; x_wconf 72' lang='lat' dir='ltr'>castrensesque</span> <span class='ocrx_word' id='word_1_209' title='bbox 574 2921 678 2983; x_wconf 84' lang='lat' dir='ltr'>poeuas</span> <span class='ocrx_word' id='word_1_210' title='bbox 693 2911 799 2991; x_wconf 81' lang='lat' dir='ltr'>magis,</span> <span class='ocrx_word' id='word_1_211' title='bbox 822 2911 915 2996; x_wconf 75' lang='lat' dir='ltr'>quim</span> <span class='ocrx_word' id='word_1_212' title='bbox 930 2913 1139 2997; x_wconf 84' lang='lat' dir='ltr'>calamitosam,</span> <span class='ocrx_word' id='word_1_213' title='bbox 1162 2921 1210 2988; x_wconf 88' lang='lat' dir='ltr'>sed</span> <span class='ocrx_word' id='word_1_214' title='bbox 1225 2929 1362 3009; x_wconf 85' lang='lat' dir='ltr'>liberam,</span> <span class='ocrx_word' id='word_1_215' title='bbox 1387 2935 1468 3002; x_wconf 89' lang='lat' dir='ltr'>suam</span> <span class='ocrx_word' id='word_1_216' title='bbox 1535 2903 1536 2978; x_wconf 63' lang='lat' dir='ltr'>i</span> 
     </span>
     <span class='ocr_line' id='line_1_30' title="bbox 344 2984 1470 3104; baseline 0.029 -57"><span class='ocrx_word' id='word_1_217' title='bbox 344 2984 560 3063; x_wconf 79' lang='lat' dir='ltr'>sorremexofi,</span> <span class='ocrx_word' id='word_1_218' title='bbox 581 2989 741 3074; x_wconf 83' lang='lat' dir='ltr'>liburnicas</span> <span class='ocrx_word' id='word_1_219' title='bbox 760 2999 887 3082; x_wconf 74' lang='lat' dir='ltr'>propere</span> <span class='ocrx_word' id='word_1_220' title='bbox 904 3017 1054 3085; x_wconf 79' lang='lat' dir='ltr'>repetunt,</span> <span class='ocrx_word' id='word_1_221' title='bbox 1074 3005 1104 3068; x_wconf 78' lang='grc' dir='ltr'>δι</span> <span class='ocrx_word' id='word_1_222' title='bbox 1125 3010 1269 3081; x_wconf 81' lang='lat' dir='ltr'>inanum</span> <span class='ocrx_word' id='word_1_223' title='bbox 1294 3025 1470 3104; x_wconf 81' lang='lat' dir='ltr'>provebuu.</span> 
     </span>
     <span class='ocr_line' id='line_1_31' title="bbox 345 3075 1468 3196; baseline 0.04 -63"><span class='ocrx_word' id='word_1_224' title='bbox 345 3085 406 3148; x_wconf 82' lang='lat' dir='ltr'>cur.</span> <span class='ocrx_word' id='word_1_225' title='bbox 451 3077 573 3138; x_wconf 85' lang='lat' dir='ltr'>Summa</span> <span class='ocrx_word' id='word_1_226' title='bbox 595 3075 677 3140; x_wconf 85' lang='lat' dir='ltr'>brevi</span> <span class='ocrx_word' id='word_1_227' title='bbox 705 3077 765 3145; x_wconf 85' lang='lat' dir='ltr'>suit</span> <span class='ocrx_word' id='word_1_228' title='bbox 790 3105 889 3151; x_wconf 86' lang='lat' dir='ltr'>rerum</span> <span class='ocrx_word' id='word_1_229' title='bbox 914 3091 1047 3153; x_wconf 87' lang='lat' dir='ltr'>omniurn</span> <span class='ocrx_word' id='word_1_230' title='bbox 1061 3093 1184 3178; x_wconf 88' lang='lat' dir='ltr'>inopia:</span> <span class='ocrx_word' id='word_1_231' title='bbox 1206 3101 1238 3165; x_wconf 95' lang='lat' dir='ltr'>in</span> <span class='ocrx_word' id='word_1_232' title='bbox 1253 3108 1287 3169; x_wconf 82' lang='lat' dir='ltr'>iis</span> <span class='ocrx_word' id='word_1_233' title='bbox 1313 3113 1468 3196; x_wconf 86' lang='lat' dir='ltr'>angustiis,</span> 
     </span>
    </p>

    <p class='ocr_par' dir='ltr' id='par_1_12' title="bbox 284 3155 1470 3283">
     <span class='ocr_line' id='line_1_32' title="bbox 284 3155 1470 3283; baseline 0.041 -65"><span class='ocrx_word' id='word_1_234' title='bbox 284 3176 287 3182; x_wconf 89' lang='lat'>·</span> <span class='ocrx_word' id='word_1_235' title='bbox 344 3155 477 3241; x_wconf 79' lang='lat' dir='ltr'>primum</span> <span class='ocrx_word' id='word_1_236' title='bbox 502 3161 709 3230; x_wconf 82' lang='lat' dir='ltr'>infirmissimos</span> <span class='ocrx_word' id='word_1_237' title='bbox 732 3165 863 3250; x_wconf 86' lang='lat' dir='ltr'>suorum,</span> <span class='ocrx_word' id='word_1_238' title='bbox 886 3175 993 3240; x_wconf 85' lang='lat' dir='ltr'>deinde</span> <span class='ocrx_word' id='word_1_239' title='bbox 1017 3175 1095 3243; x_wconf 88' lang='lat' dir='ltr'>sorte</span> <span class='ocrx_word' id='word_1_240' title='bbox 1116 3185 1223 3251; x_wconf 77' lang='lat' dir='ltr'>dusios</span> <span class='ocrx_word' id='word_1_241' title='bbox 1239 3194 1314 3258; x_wconf 86' lang='lat' dir='ltr'>vesci</span> <span class='ocrx_word' id='word_1_242' title='bbox 1337 3217 1470 3283; x_wconf 80' lang='lat' dir='ltr'>coepere.</span> 
     </span>
    </p>

    <p class='ocr_par' dir='ltr' id='par_1_13' title="bbox 285 3247 1471 3636">
     <span class='ocr_line' id='line_1_33' title="bbox 285 3247 1470 3368; baseline 0.041 -63"><span class='ocrx_word' id='word_1_243' title='bbox 285 3269 291 3284; x_wconf 83' lang='lat'><strong>.</strong></span> <span class='ocrx_word' id='word_1_244' title='bbox 345 3247 457 3309; x_wconf 76' lang='lat' dir='ltr'>Tantis</span> <span class='ocrx_word' id='word_1_245' title='bbox 480 3248 640 3314; x_wconf 78' lang='lat' dir='ltr'>conflisiati</span> <span class='ocrx_word' id='word_1_246' title='bbox 663 3251 793 3332; x_wconf 87' lang='lat' dir='ltr'>miseriis,</span> <span class='ocrx_word' id='word_1_247' title='bbox 809 3262 987 3344; x_wconf 24' lang='lat' dir='ltr'>*tempestate</span> <span class='ocrx_word' id='word_1_248' title='bbox 1012 3281 1065 3328; x_wconf 87' lang='lat' dir='ltr'>aut</span> <span class='ocrx_word' id='word_1_249' title='bbox 1084 3268 1149 3352; x_wconf 86' lang='lat' dir='ltr'>ipso</span> <span class='ocrx_word' id='word_1_250' title='bbox 1172 3279 1284 3346; x_wconf 83' lang='lat' dir='ltr'>Oceani</span> <span class='ocrx_word' id='word_1_251' title='bbox 1299 3273 1417 3368; x_wconf 79' lang='lat' dir='ltr'>impetu</span> <span class='ocrx_word' id='word_1_252' title='bbox 1440 3292 1470 3354; x_wconf 90' lang='lat' dir='ltr'>iu</span> 
     </span>
     <span class='ocr_line' id='line_1_34' title="bbox 345 3334 1470 3452; baseline 0.043 -59"><span class='ocrx_word' id='word_1_253' title='bbox 345 3351 427 3396; x_wconf 87' lang='lat' dir='ltr'>mare</span> <span class='ocrx_word' id='word_1_254' title='bbox 447 3334 616 3414; x_wconf 86' lang='lat' dir='ltr'>Suevicum,</span> <span class='ocrx_word' id='word_1_255' title='bbox 637 3337 668 3400; x_wconf 85' lang='lat' dir='ltr'>la</span> <span class='ocrx_word' id='word_1_256' title='bbox 692 3363 752 3402; x_wconf 84' lang='lat' dir='ltr'>mer</span> <span class='ocrx_word' id='word_1_257' title='bbox 766 3343 914 3430; x_wconf 82' lang='lat' dir='ltr'>Balrique,</span> <span class='ocrx_word' id='word_1_258' title='bbox 948 3351 1159 3423; x_wconf 90' lang='lat' dir='ltr'>detruduntur.</span> <span class='ocrx_word' id='word_1_259' title='bbox 1206 3366 1250 3429; x_wconf 88' lang='lat' dir='ltr'>Ibi</span> <span class='ocrx_word' id='word_1_260' title='bbox 1274 3391 1364 3434; x_wconf 88' lang='lat' dir='ltr'>naves</span> <span class='ocrx_word' id='word_1_261' title='bbox 1393 3374 1470 3452; x_wconf 86' lang='lat' dir='ltr'>suas,</span> 
     </span>
     <span class='ocr_line' id='line_1_35' title="bbox 345 3417 1471 3528; baseline 0.044 -48"><span class='ocrx_word' id='word_1_262' title='bbox 345 3417 462 3484; x_wconf 81' lang='lat' dir='ltr'>viarum</span> <span class='ocrx_word' id='word_1_263' title='bbox 489 3424 639 3486; x_wconf 85' lang='lat' dir='ltr'>erroribus</span> <span class='ocrx_word' id='word_1_264' title='bbox 663 3425 832 3514; x_wconf 80' lang='lat' dir='ltr'>&amp;regendi</span> <span class='ocrx_word' id='word_1_265' title='bbox 858 3433 969 3500; x_wconf 72' lang='lat' dir='ltr'>inscitii</span> <span class='ocrx_word' id='word_1_266' title='bbox 987 3439 1116 3522; x_wconf 80' lang='lat' dir='ltr'>quassas,</span> <span class='ocrx_word' id='word_1_267' title='bbox 1138 3448 1267 3518; x_wconf 87' lang='lat' dir='ltr'>amisere.</span> <span class='ocrx_word' id='word_1_268' title='bbox 1311 3462 1471 3528; x_wconf 85' lang='lat' dir='ltr'>Neminem</span> 
     </span>
     <span class='ocr_line' id='line_1_36' title="bbox 345 3503 1471 3636; baseline 0.035 -73"><span class='ocrx_word' id='word_1_269' title='bbox 345 3523 450 3573; x_wconf 81' lang='lat' dir='ltr'>eorum</span> <span class='ocrx_word' id='word_1_270' title='bbox 463 3503 548 3569; x_wconf 85' lang='lat' dir='ltr'>sortis</span> <span class='ocrx_word' id='word_1_271' title='bbox 563 3510 715 3576; x_wconf 85' lang='lat' dir='ltr'>misertum</span> <span class='ocrx_word' id='word_1_272' title='bbox 724 3517 777 3595; x_wconf 78' lang='lat' dir='ltr'>esi,</span> <span class='ocrx_word' id='word_1_273' title='bbox 799 3520 883 3602; x_wconf 86' lang='lat' dir='ltr'>qubd</span> <span class='ocrx_word' id='word_1_274' title='bbox 898 3545 953 3606; x_wconf 91' lang='lat' dir='ltr'>pro</span> <span class='ocrx_word' id='word_1_275' title='bbox 967 3529 1157 3608; x_wconf 85' lang='lat' dir='ltr'>praedonibus</span> <span class='ocrx_word' id='word_1_276' title='bbox 1169 3537 1363 3618; x_wconf 82' lang='lat' dir='ltr'>haberentur.</span> <span class='ocrx_word' id='word_1_277' title='bbox 1411 3555 1471 3636; x_wconf 82' lang='lat' dir='ltr'>Igi.</span> 
     </span>
    </p>
   </div>
   <div class='ocr_carea' id='block_1_5' title="bbox 347 3588 1471 3706">
    <p class='ocr_par' dir='ltr' id='par_1_14' title="bbox 347 3588 1471 3706">
     <span class='ocr_line' id='line_1_37' title="bbox 347 3588 1471 3706; baseline 0.045 -53"><span class='ocrx_word' id='word_1_278' title='bbox 347 3607 398 3653; x_wconf 92' lang='lat' dir='ltr'>tur</span> <span class='ocrx_word' id='word_1_279' title='bbox 417 3588 492 3656; x_wconf 75' lang='lat' dir='ltr'>diurn</span> <span class='ocrx_word' id='word_1_280' title='bbox 514 3596 692 3673; x_wconf 77' lang='lat' dir='ltr'>clusianrur,</span> <span class='ocrx_word' id='word_1_281' title='bbox 716 3619 750 3665; x_wconf 90' lang='lat' dir='ltr'>ut</span> <span class='ocrx_word' id='word_1_282' title='bbox 764 3609 870 3686; x_wconf 84' lang='lat' dir='ltr'>patrias</span> <span class='ocrx_word' id='word_1_283' title='bbox 894 3607 976 3674; x_wconf 90' lang='lat' dir='ltr'>sedes</span> <span class='ocrx_word' id='word_1_284' title='bbox 1002 3632 1145 3697; x_wconf 78' lang='lat' dir='ltr'>repetant,</span> <span class='ocrx_word' id='word_1_285' title='bbox 1170 3628 1302 3706; x_wconf 74' lang='lat' dir='ltr'>primunr</span> <span class='ocrx_word' id='word_1_286' title='bbox 1327 3641 1471 3702; x_wconf 79' lang='lat' dir='ltr'>asuevu</span> 
     </span>
    </p>
   </div>
   <div class='ocr_carea' id='block_1_6' title="bbox 250 3678 1469 3969">
    <p class='ocr_par' dir='ltr' id='par_1_15' title="bbox 250 3678 1469 3969">
     <span class='ocr_line' id='line_1_38' title="bbox 250 3678 1469 3790; baseline 0.047 -56"><span class='ocrx_word' id='word_1_287' title='bbox 250 3715 253 3721; x_wconf 85' lang='lat'><em>-</em></span> <span class='ocrx_word' id='word_1_288' title='bbox 347 3678 541 3759; x_wconf 71' lang='lat' dir='ltr'>intersilbim</span> <span class='ocrx_word' id='word_1_289' title='bbox 566 3681 765 3764; x_wconf 69' lang='lat' dir='ltr'>&amp;vistulam</span> <span class='ocrx_word' id='word_1_290' title='bbox 786 3690 881 3755; x_wconf 83' lang='lat' dir='ltr'>s&#39;Elbe</span> <span class='ocrx_word' id='word_1_291' title='bbox 895 3697 929 3760; x_wconf 58' lang='grc' dir='ltr'>ὅ</span> <span class='ocrx_word' id='word_1_292' title='bbox 958 3697 988 3760; x_wconf 87' lang='lat' dir='ltr'>la</span> <span class='ocrx_word' id='word_1_293' title='bbox 1001 3699 1118 3785; x_wconf 70' lang='lat' dir='ltr'>Vssule,</span> <span class='ocrx_word' id='word_1_294' title='bbox 1140 3729 1212 3775; x_wconf 90' lang='lat' dir='ltr'>mox</span> <span class='ocrx_word' id='word_1_295' title='bbox 1236 3716 1370 3786; x_wconf 84' lang='lat' dir='ltr'>aFrisris</span> <span class='ocrx_word' id='word_1_296' title='bbox 1396 3728 1469 3790; x_wconf 88' lang='lat' dir='ltr'>inter</span> 
     </span>
     <span class='ocr_line' id='line_1_39' title="bbox 343 3764 1468 3893; baseline 0.049 -69"><span class='ocrx_word' id='word_1_297' title='bbox 343 3765 486 3827; x_wconf 83' lang='lat' dir='ltr'>Amifiam</span> <span class='ocrx_word' id='word_1_298' title='bbox 500 3764 531 3828; x_wconf 79' lang='lat' dir='ltr'>de</span> <span class='ocrx_word' id='word_1_299' title='bbox 541 3770 691 3846; x_wconf 86' lang='lat' dir='ltr'>Rhenum,</span> <span class='ocrx_word' id='word_1_300' title='bbox 704 3772 799 3851; x_wconf 81' lang='lat' dir='ltr'>l’Ems</span> <span class='ocrx_word' id='word_1_301' title='bbox 810 3779 845 3840; x_wconf 71' lang='lat' dir='ltr'>sal</span> <span class='ocrx_word' id='word_1_302' title='bbox 859 3779 884 3846; x_wconf 80' lang='lat' dir='ltr'>le</span> <span class='ocrx_word' id='word_1_303' title='bbox 898 3779 992 3861; x_wconf 83' lang='lat' dir='ltr'>Rhin,</span> <span class='ocrx_word' id='word_1_304' title='bbox 1014 3787 1167 3878; x_wconf 88' lang='lat' dir='ltr'>intercepti</span> <span class='ocrx_word' id='word_1_305' title='bbox 1187 3797 1267 3869; x_wconf 89' lang='lat' dir='ltr'>sunt.</span> <span class='ocrx_word' id='word_1_306' title='bbox 1311 3807 1468 3893; x_wconf 77' lang='lat' dir='ltr'>Quosdam</span> 
     </span>
     <span class='ocr_line' id='line_1_40' title="bbox 344 3861 1469 3969; baseline 0.049 -58"><span class='ocrx_word' id='word_1_307' title='bbox 344 3869 451 3913; x_wconf 89' lang='lat' dir='ltr'>eorum</span> <span class='ocrx_word' id='word_1_308' title='bbox 466 3872 517 3934; x_wconf 89' lang='lat' dir='ltr'>per</span> <span class='ocrx_word' id='word_1_309' title='bbox 531 3861 707 3923; x_wconf 85' lang='lat' dir='ltr'>commercia</span> <span class='ocrx_word' id='word_1_310' title='bbox 720 3865 924 3943; x_wconf 87' lang='lat' dir='ltr'>venumdatos,</span> <span class='ocrx_word' id='word_1_311' title='bbox 948 3870 977 3933; x_wconf 78' lang='lat' dir='ltr'>dr</span> <span class='ocrx_word' id='word_1_312' title='bbox 992 3873 1214 3964; x_wconf 66' lang='lat' dir='ltr'>innotuerim,</span> <span class='ocrx_word' id='word_1_313' title='bbox 1231 3893 1262 3954; x_wconf 86' lang='lat' dir='ltr'>id</span> <span class='ocrx_word' id='word_1_314' title='bbox 1274 3890 1326 3969; x_wconf 87' lang='lat' dir='ltr'>esi,</span> <span class='ocrx_word' id='word_1_315' title='bbox 1340 3901 1372 3960; x_wconf 91' lang='lat' dir='ltr'>in</span> <span class='ocrx_word' id='word_1_316' title='bbox 1390 3899 1469 3964; x_wconf 52' lang='lat' dir='ltr'>finis*</span> 
     </span>
    </p>
   </div>
   <div class='ocr_carea' id='block_1_7' title="bbox 292 3940 1469 4102">
    <p class='ocr_par' dir='ltr' id='par_1_16' title="bbox 292 3940 1469 4102">
     <span class='ocr_line' id='line_1_41' title="bbox 292 3940 1469 4067; baseline 0.052 -73"><span class='ocrx_word' id='word_1_317' title='bbox 292 4019 296 4026; x_wconf 91' lang='lat'>.</span> <span class='ocrx_word' id='word_1_318' title='bbox 345 3949 420 4035; x_wconf 80' lang='lat' dir='ltr'>uam</span> <span class='ocrx_word' id='word_1_319' title='bbox 444 3940 542 4002; x_wconf 88' lang='lat' dir='ltr'>Rheni</span> <span class='ocrx_word' id='word_1_320' title='bbox 568 3945 677 4025; x_wconf 83' lang='lat' dir='ltr'>ripam,</span> <span class='ocrx_word' id='word_1_321' title='bbox 703 3947 944 4025; x_wconf 81' lang='lat' dir='ltr'>(namdextranr</span> <span class='ocrx_word' id='word_1_322' title='bbox 968 3963 1107 4028; x_wconf 86' lang='lat' dir='ltr'>tenebant</span> <span class='ocrx_word' id='word_1_323' title='bbox 1130 3973 1287 4062; x_wconf 89' lang='lat' dir='ltr'>Germani)</span> <span class='ocrx_word' id='word_1_324' title='bbox 1310 3983 1469 4067; x_wconf 80' lang='lat' dir='ltr'>addussor,</span> 
     </span>
     <span class='ocr_line' id='line_1_42' title="bbox 343 4021 856 4102; baseline 0.037 -19"><span class='ocrx_word' id='word_1_325' title='bbox 343 4021 489 4088; x_wconf 85' lang='lat' dir='ltr'>iudrcium</span> <span class='ocrx_word' id='word_1_326' title='bbox 506 4031 580 4090; x_wconf 84' lang='lat' dir='ltr'>tauri</span> <span class='ocrx_word' id='word_1_327' title='bbox 591 4032 674 4098; x_wconf 80' lang='lat' dir='ltr'>castis</span> <span class='ocrx_word' id='word_1_328' title='bbox 688 4033 856 4102; x_wconf 84' lang='lat' dir='ltr'>illustravit.</span> 
     </span>
    </p>
   </div>
   <div class='ocr_carea' id='block_1_8' title="bbox 341 4113 1468 4325">
    <p class='ocr_par' dir='ltr' id='par_1_17' title="bbox 341 4113 1468 4325">
     <span class='ocr_line' id='line_1_43' title="bbox 385 4113 1468 4232; baseline 0.054 -61"><span class='ocrx_word' id='word_1_329' title='bbox 385 4113 525 4195; x_wconf 81' lang='lat' dir='ltr'>Agricola</span> <span class='ocrx_word' id='word_1_330' title='bbox 539 4131 652 4193; x_wconf 89' lang='lat' dir='ltr'>autern,</span> <span class='ocrx_word' id='word_1_331' title='bbox 674 4118 739 4216; x_wconf 85' lang='lat' dir='ltr'>post</span> <span class='ocrx_word' id='word_1_332' title='bbox 755 4125 975 4210; x_wconf 83' lang='lat' dir='ltr'>Grampiensem</span> <span class='ocrx_word' id='word_1_333' title='bbox 997 4133 1159 4217; x_wconf 76' lang='lat' dir='ltr'>visionum,</span> <span class='ocrx_word' id='word_1_334' title='bbox 1182 4124 1212 4210; x_wconf 89' lang='lat' dir='ltr'>in</span> <span class='ocrx_word' id='word_1_335' title='bbox 1229 4149 1369 4232; x_wconf 83' lang='lat' dir='ltr'>publicas</span> <span class='ocrx_word' id='word_1_336' title='bbox 1384 4182 1468 4228; x_wconf 84' lang='lat' dir='ltr'>curas</span> 
     </span>
     <span class='ocr_line' id='line_1_44' title="bbox 341 4195 1468 4325; baseline 0.051 -70"><span class='ocrx_word' id='word_1_337' title='bbox 341 4195 540 4282; x_wconf 81' lang='lat' dir='ltr'>urilrtaresque</span> <span class='ocrx_word' id='word_1_338' title='bbox 553 4203 696 4293; x_wconf 77' lang='lat' dir='ltr'>intentus,</span> <span class='ocrx_word' id='word_1_339' title='bbox 718 4207 820 4274; x_wconf 74' lang='lat' dir='ltr'>audita</span> <span class='ocrx_word' id='word_1_340' title='bbox 836 4211 885 4277; x_wconf 77' lang='lat' dir='ltr'>illa</span> <span class='ocrx_word' id='word_1_341' title='bbox 899 4215 1074 4304; x_wconf 75' lang='lat' dir='ltr'>Usipiorum</span> <span class='ocrx_word' id='word_1_342' title='bbox 1089 4227 1175 4319; x_wconf 71' lang='lat' dir='ltr'>fugai,</span> <span class='ocrx_word' id='word_1_343' title='bbox 1196 4237 1356 4325; x_wconf 79' lang='lat' dir='ltr'>certusque</span> <span class='ocrx_word' id='word_1_344' title='bbox 1369 4268 1420 4312; x_wconf 80' lang='lat' dir='ltr'>eos</span> <span class='ocrx_word' id='word_1_345' title='bbox 1432 4271 1468 4314; x_wconf 84' lang='lat' dir='ltr'>er</span> 
     </span>
    </p>
   </div>
   <div class='ocr_carea' id='block_1_9' title="bbox 1317 4327 1466 4402">
    <p class='ocr_par' dir='ltr' id='par_1_18' title="bbox 1317 4327 1466 4402">
     <span class='ocr_line' id='line_1_45' title="bbox 1317 4327 1466 4402; baseline 0.027 -3"><span class='ocrx_word' id='word_1_346' title='bbox 1317 4327 1466 4402; x_wconf 78' lang='lat' dir='ltr'>Occiden-</span> 
     </span>
    </p>
   </div>
   <div class='ocr_carea' id='block_1_10' title="bbox 0 0 1645 5259">
    <p class='ocr_par' dir='ltr' id='par_1_19' title="bbox 0 0 1645 5259">
     <span class='ocr_line' id='line_1_46' title="bbox 0 0 1645 5259; baseline 0 0"><span class='ocrx_word' id='word_1_347' title='bbox 0 0 1645 5259; x_wconf 95' lang='lat' dir='ltr'> </span> 
     </span>
    </p>
   </div>
  </div>
 </body>
</html>
