3250 5259
410 583 472 652 DE
494 581 660 658 snutnn
681 591 924 672 JUVENALIS.

229 749 311 816 Irati
323 753 442 828 debente
467 775 516 817 nec
530 755 708 848 eritfeiicior
720 763 795 846 astro

180 867 182 874 >
224 835 344 902 Martis
360 853 393 915 ut
403 839 553 922 inlaqueat
565 867 709 930 nunquam
720 847 841 910 incidat.

133 919 210 989 &in
227 923 379 991 secundat
401 923 447 1011 Vs
464 951 518 1014 3⁰·

437 1015 571 1098 -Leget
588 1019 741 1081 revocabat
753 1041 871 1084 amarat

484 1101 529 1250 nip
550 1103 683 1170 171111νὶ
696 1102 853 1188 Martique
865 1105 1014 1169 timendus.

134 1184 164 1244 dr
178 1183 211 1245 in
234 1183 328 1262 sexta,
350 1186 480 1269 eleganti
505 1209 568 1252 tmo
591 1191 719 1254 artificio
733 1197 835 1271 jovem
848 1195 1039 1273 Martemque
1066 1185 1203 1279 adulterii
1228 1184 1258 1248 81

134 1268 231 1352 stupri
255 1271 385 1350 accusat,
414 1273 568 1342 occasione
596 1276 734 1342 sermonis
758 1283 796 1344 de
820 1281 950 1360 quadum
974 1279 1092 1342 eximiae
1116 1273 1256 1338 castitatis

133 1372 285 1424 matrona:
316 1360 365 1446 iffi
383 1381 435 1441 55.
847 1397 852 1409 ¹

223 1443 343 1527 Magna
356 1449 541 1536 tumensumu
554 1450 592 1533 est
604 1449 745 1536 ttuttsdum
759 1473 830 1514 rure
839 1464 960 1536 paterne

179 1531 182 1537 ’
224 1529 376 1596 Viventis:
404 1533 495 1596 vivat
509 1533 613 1598 Gabiis
627 1551 661 1597 ut
674 1537 755 1599 vixit
765 1535 797 1599 in
811 1560 891 1618 agro,

226 1617 321 1683 Vivat
332 1617 461 1696 Fidenis,
478 1631 507 1687 cb
522 1622 609 1702 agello
627 1624 688 1685 crdo
694 1637 827 1706 paterno.

221 1701 303 1790 Quis
316 1717 410 1767 tamen
429 1705 558 1792 affirmat
570 1707 616 1770 nil
625 1715 719 1771 auum
734 1709 765 1770 in
779 1707 929 1784 montibus,
950 1724 1004 1772 aut
1017 1711 1050 1773 in

222 1789 396 1875 Speluncis?
419 1794 486 1856 odeo
489 1789 650 1878 sentierunt
662 1791 786 1881 Jupiter
798 1807 852 1856 aut
864 1793 958 1858 Mart
971 1795 990 1858 ἒ

132 1890 310 1972 Eodemque
341 1891 442 1954 colore
471 1896 603 1958 Seneca:
639 1894 725 1978 Quid
749 1915 824 1978 ergo
841 1895 893 1971 esi,
925 1897 1035 1980 inquit,
1057 1914 1150 1978 qnare
1176 1896 1256 1980 apud

132 1993 235 2058 poetas
251 1975 556 2062 salaciffimuthtpiter
569 1979 686 2044 destcrit
702 1981 811 2045 liberos
832 1983 960 2045 tollere?
983 1982 1257 2067 utrumsexagena·

133 2065 195 2126 tius
208 2062 308 2128 sat'tus
322 2065 374 2140 esi,
397 2065 427 2128 δι
440 2067 484 2129 1111
499 2069 549 2130 lex
562 2068 652 2151 Papia
670 2067 795 2133 fibulam
820 2067 960 2152 imposuit
977 2075 988 2132 ?
1013 2071 1066 2134 illa
1080 2091 1151 2134 vero
1169 2076 1257 2136 Deu-

133 2152 298 2216 calionis&
312 2153 436 2232 Pyrrhae
450 2173 546 2236 quarn
560 2151 706 2220 subtiliter
721 2157 871 2220 insimulat
892 2159 1038 2222 mendacii
1051 2155 1137 2221 satira
1146 2160 1262 2243 prima;

133 2241 245 2303 etenim
263 2241 381 2324 poetico
395 2259 477 2304 more
487 2261 605 2304 narrare
619 2243 734 2325 incipit,
763 2241 810 2328 Vs
838 2248 892 2308 81.
1189 2270 1191 2273 ·

223 2341 340 2427 Exque
353 2340 513 2405 Deucalion
528 2341 630 2408 nimbit
645 2342 803 2406 tollentibus
814 2365 912 2426 aequrr

219 2427 355 2510 Navigio
372 2431 490 2490 mentem
511 2426 642 2514 ascendit,
656 2427 797 2516 sortesque
805 2427 934 2516 poposcit,

219 2513 424 2598 Paulatimque
438 2513 535 2576 anima
549 2515 698 2578 caluerunt
707 2512 894 2605 molliusque,

223 2599 269 2666 Et
280 2600 409 2664 mutibus
424 2600 514 2662 11111111
538 2601 654 2686 ostendit
664 2597 786 2684 Pyrrha
795 2599 916 2684 puellus.

179 2701 239 2767 Sed
255 2705 331 2767 inter
351 2697 527 2764 narrandum
554 2702 654 2764 innuit
683 2698 769 2762 futile
796 2700 852 2763 elle
876 2719 910 2762 ac
937 2697 1151 2784 perabsurdum
1175 2706 1258 2791 quod

136 2807 234 2876 poetae
261 2787 446 2861 fabulantur,
480 2787 619 2852 extinctis
654 2787 726 2850 olim
760 2786 874 2850 diluvio
909 2791 1013 2852 ceteris
1049 2795 1257 2873 animantibus,

138 2877 355 2943 Deucalionem
371 2871 559 2956 &Pyrrham
575 2872 715 2957 conjuges
733 2873 773 2937 ob
788 2895 907 2939 morum
930 2875 1112 2940 sanititatem
1129 2878 1258 2944 servatos

138 2979 284 3048 tanquam
306 2961 445 3044 exempla
460 2962 630 3044 reparandae
656 2959 829 3044 posteritati,
851 2965 1019 3046 aitquenec
1031 2967 1172 3047 Pyrrham
1188 2969 1260 3049 qni·

138 3053 205 3116 dem
222 3051 282 3116 ulla
304 3047 391 3112 tuttte
411 3047 580 3112 castimonia
598 3049 875 3124 commendabilem,
899 3047 947 3112 sed
966 3053 1065 3131 potius
1087 3072 1203 3137 magam
1229 3055 1259 3118 bt

137 3139 245 3216 lenam,
266 3138 336 3222 quae
352 3135 491 3220 projesiis
520 3136 583 3216 poll
606 3151 689 3220 terga
709 3135 758 3198 sua
788 3133 864 3199 saxis
886 3140 980 3199 nudas
995 3139 1258 3220 puellasediderit,

138 3245 210 3308 quas
247 3225 382 3288 maribus
417 3223 597 3296 conciliaret.
643 3225 690 3286 Sic
707 3227 840 3286 Martem
877 3221 950 3287 falso
973 3227 1094 3294 vocitari
1121 3230 1267 3299 ultorem-

137 3307 531 3378 demouilrutinxlv.261.
601 3363 604 3368 .

230 3411 282 3479 Ex
297 3435 348 3498 quo
358 3402 450 3474 turs
460 3410 535 3475 ultor
543 3410 656 3492 galeam
667 3431 770 3494 quoquc
778 3409 916 3494 perdidit,
939 3409 974 3472 ii
988 3370 1034 3478 eet

224 3497 295 3562 Non
300 3495 523 3582 potuitservurr
528 3497 606 3582 ficus.

138 3600 248 3670 Deriso
262 3599 362 3663 Marte
393 3597 549 3662 vanitatem
574 3595 685 3662 fabulae
711 3595 880 3680 perstringit
908 3596 940 3661 δι
956 3601 1107 3661 Romanos
1126 3601 1260 3682 *ignaviae

137 3685 267 3762 accusat,
291 3689 344 3769 qui
360 3677 434 3748 nihil
456 3687 582 3768 amplius
605 3685 698 3748 armis
723 3701 904 3768 quaererent,
926 3682 1019 3749 sed&
1041 3688 1117 3749 olirn
1134 3687 1260 3768 quaestra

139 3781 192 3844 fibi
203 3776 281 3858 eripi
291 3775 416 3854 turpiter
430 3788 609 3854 paterentur.
631 3775 676 3834 Ac
693 3773 796 3852 majori
810 3775 901 3837 etiam
915 3774 1028 3855 impetu
1037 3772 1124 3836 satira
1136 3776 1263 3841 secunda
1302 3818 1304 3822 -

138 3871 170 3932 in
184 3869 319 3928 Martem
333 3855 431 3942 ipsum
445 3861 606 3936 invehitur,
616 3878 748 3940 eumque
761 3879 868 3942 campo
884 3861 996 3922 Martio
1009 3861 1150 3924 excedere
1160 3863 1261 3946 jubet,

140 3975 175 4018 ea
202 3949 272 4015 sede
293 3947 400 4011 scilicet
428 3947 598 4032 indignum,
621 3945 674 4028 qui
703 3964 845 4028 nepotum
869 3942 989 4010 suorum
1014 3945 1263 4018 'effeminatiffima

137 4040 254 4126 flagitia
270 4055 330 4098 non
349 4033 523 4096 ulciscatur:
550 4027 596 4120 Vs
614 4053 684 4118 130·
1221 4065 1225 4069 ’

231 4122 297 4186 Nec
305 4121 417 4206 galeam
427 4118 547 4206 quaffirs‚
571 4141 621 4180 nec
632 4134 741 4183 terrum
755 4117 861 4270 ttgpidc
870 4120 975 4204 pulos,

230 4208 296 4272 Nec
306 4206 434 4292 quereris
441 4201 558 4290 patri?
587 4205 661 4268 uude
675 4227 749 4286 ergo,
822 4207 885 4270 cede
907 4205 990 4269 everi

235 4291 400 4386 Jugeribus
407 4290 499 4378 campi
511 4313 590 4376 quent
604 4290 733 4372 negligis.

143 4393 245 4471 Supra
257 4397 375 4444 omnem
392 4399 462 4440 vero
485 4379 671 4448 acerbitatem
697 4378 858 4442 vehemens
877 4375 919 4444 est
933 4378 1102 4461 objurgatio
1124 4376 1182 4457 illa,
1205 4400 1269 4463 qua

140 4482 253 4560 Jovem
268 4459 367 4556 ipsum
379 4463 512 4551 increpat
529 4481 563 4528 ut
574 4461 737 4540 socordem,
760 4465 790 4528 bc
811 4465 971 4532 homiuum
990 4465 1140 4549 stupopem
1155 4472 1268 4552 arguit,

625 4609 627 4614 .
707 4555 738 4617 D
761 4571 779 4620 2
1214 4556 1268 4637 qui

225 1093 376 1174 Omnibus,
401 1112 495 1182 atque,
