3250 5259
357 493 378 596 ἑ
665 469 746 576 un
803 473 1159 617 runnnno
1256 582 1259 591 ,

290 712 295 718 ’
357 675 528 765 Vitruvius)
552 698 617 750 tum
626 688 768 750 Deorum
782 685 996 752 immortalium
1014 688 1122 754 diebus
1144 683 1238 760 sellis,
1256 683 1405 749 ludorum
1418 681 1493 768 spec·

357 767 533 847 rationibus,
554 772 708 854 eligendus
734 770 775 833 est
800 774 884 838 locus
898 775 1034 854 Theatro
1047 795 1143 858 quam
1164 772 1411 838 saluberrimus..
1436 778 1492 839 Fu·

354 869 447 916 erunt
475 873 575 924 autem
599 859 735 922 Theatra
752 859 884 925 duorum
907 882 1079 946 generum:
1098 862 1156 924 alia
1175 862 1272 944 lignea
1293 874 1325 922 et
1353 859 1491 939 pluribus

355 941 598 1010 tabellarionibus
615 943 776 1020 exllrusla,
800 947 900 1028 qualia
931 948 1011 1011 ludis
1033 949 1162 1034 publicis
1191 945 1355 1030 quotannis
1380 945 1491 1010 fiebant
1540 980 1542 1061 p

353 1023 484 1104 Romae,
508 1047 600 1115 atque
613 1051 648 1094 ea
664 1035 803 1114 perennia
819 1054 880 1096 non
900 1031 1046 1098 suerunt:
1068 1036 1126 1100 alia
1152 1031 1304 1097 sumtuosa
1318 1046 1350 1094 et
1364 1034 1489 1110 nobilia,
1540 1078 1542 1119 ,

352 1133 393 1178 ex
407 1112 504 1180 solidis
532 1122 632 1193 rebus,
656 1119 687 1182 id
716 1119 770 1194 eil,
792 1139 832 1182 ex
861 1119 1007 1187 uruuura
1029 1131 1268 1192 caementorum,
1305 1119 1408 1199 lapide
1438 1137 1489 1185 aut

310 1229 313 1236 ¹
354 1205 692 1280 marmoreconstituta,
714 1206 857 1288 qualeest
872 1209 956 1288 quod
967 1207 1132 1274 construxit
1145 1207 1192 1270 M.
1209 1211 1339 1283 Scaurus
1351 1205 1385 1268 in
1399 1207 1482 1276 aedi·

352 1288 436 1353 litate
461 1289 523 1368 sua,
544 1293 615 1358 item
645 1293 736 1356 etiam
765 1295 934 1375 Pompeius,
961 1311 994 1357 et
1024 1295 1075 1358 alii
1096 1293 1247 1378 permulti.
1304 1295 1356 1356 Ita
1382 1307 1485 1357 autem
1540 1340 1542 1347 >

351 1377 548 1460 compositum
573 1378 631 1444 suit
653 1379 782 1460 antiquis
798 1381 984 1458 Theatrum,
1007 1397 1044 1445 ut
1073 1402 1111 1444 en
1137 1379 1324 1454 conveniens,
1348 1391 1382 1440 et
1401 1399 1487 1442 com·
1540 1384 1541 1389 ’

351 1465 442 1530 mode
463 1462 564 1530 sedens
583 1465 681 1540 turba,
710 1486 728 1528 e
756 1466 924 1550 longinquo
948 1467 1035 1534 facile
1062 1467 1191 1552 speslare
1214 1465 1318 1548 posset,
1354 1484 1488 1531 concavo

350 1551 529 1636 aequalique
543 1552 689 1636 parietum
705 1553 908 1633 circumjeslu,
931 1570 966 1618 nt
979 1555 1028 1640 rel
1048 1556 1109 1618 leui
1123 1552 1197 1617 sono
1208 1551 1289 1616 dista
1313 1551 1418 1628 verba,
1448 1551 1486 1614 ad

349 1637 476 1702 alterum
505 1641 613 1704 theatri
638 1654 730 1722 caput
743 1637 858 1704 saciliua
871 1639 1031 1706 ferrentur.
1074 1640 1181 1705 Postea
1193 1659 1265 1703 vero
1278 1638 1487 1721 excogitatum
1540 1704 1541 1707 ,

347 1724 391 1788 est
413 1727 586 1790 Theatrum
606 1729 638 1790 in
659 1727 819 1790 rotundam
847 1725 975 1792 sormam
1001 1727 1201 1802 exstruslum,
1233 1724 1293 1788 alio
1310 1725 1414 1789 multo
1431 1747 1485 1788 ex·
1540 1754 1542 1803 p

348 1812 500 1877 cellentitis
515 1829 606 1897 atque
619 1811 765 1895 capacius,
788 1811 944 1898 magisque
964 1812 1170 1878 sumtuosum:
1197 1813 1281 1894 quod
1293 1813 1367 1894 quia
1390 1809 1486 1874 veluti
1540 1812 1542 1875 l

347 1918 386 1962 ex
400 1901 519 1964 duobus
534 1899 681 1963 constaret
704 1899 838 1978 theatris,
862 1902 1081 1983 rotundumque
1095 1901 1233 1985 liguram,
1256 1920 1316 1963 nou
1333 1901 1400 1979 jam
1422 1917 1487 1960 am·
1540 1880 1542 1909 ¹

346 1987 427 2066 plius
443 1987 643 2068 hemicyclum
657 1983 792 2060 referret,
821 1987 864 2050 ob
878 1989 910 2052 id
924 1985 1177 2072 Anrphitheatrum
1189 1985 1304 2070 dislum
1317 1983 1372 2059 est,
1394 1985 1485 2067 quale

345 2069 399 2148 est,
416 2074 498 2155 quod
513 2073 603 2136 hodie
615 2071 730 2136 Romae
743 2071 871 2146 videtur,
894 2073 1054 2155 aliqnando
1075 2073 1114 2136 ab
1127 2075 1264 2136 Antomo
1279 2071 1484 2136 Pioaedilica·

345 2173 424 2236 tum,
445 2178 474 2223 er
490 2182 508 2225 a
522 2159 629 2222 Gothis
643 2157 823 2222 devastatum
841 2160 1021 2248 (Collisaeum
1035 2159 1145 2244 vulgus
1158 2161 1257 2242 vocat)
1272 2157 1357 2240 qnod
1370 2157 1485 2240 potiffi·
1540 2190 1542 2211 ι

319 2324 321 2333 Ι
345 2265 430 2312 mum
442 2245 484 2312 'ad
504 2247 561 2310 alia
579 2243 745 2328 speslacula
766 2247 860 2330 vulgo
873 2247 1069 2328 proponenda
1087 2245 1202 2310 fastum
1216 2263 1310 2329 atque
1323 2243 1482 2308 idventum
1540 2250 1541 2295 ἶ

251 2337 255 2344 ’
344 2327 425 2396 suit:
449 2355 520 2398 nam
534 2333 573 2396 ad
596 2331 722 2397 scenicos
750 2332 840 2396 ludos
870 2330 1099 2414 prospiciendos,
1125 2332 1221 2418 magis
1246 2333 1395 2396 idoneum
1420 2345 1483 2402 erat
1540 2386 1542 2397 ,

347 2421 538 2486 Theatrum:
553 2419 594 2484 ob
608 2439 684 2504 quos
698 2419 854 2502 praecipue
868 2423 1020 2483 intentum
1032 2418 1121 2485 suisse
1134 2417 1275 2484 credibile
1289 2419 1344 2482 est.
1391 2418 1484 2481 Unde

319 2504 431 2573 sacile
459 2506 649 2590 conjecerim,
686 2507 879 2578 Terentium,
908 2525 969 2588 quo
1000 2522 1134 2590 tempore
1158 2505 1291 2590 primum
1324 2501 1485 2588 proposuit
1540 2500 1542 2559 Ξ

345 2589 426 2658 suam
441 2594 596 2678 Hecyram,
617 2593 706 2678 egisse
731 2595 761 2656 in
772 2587 1016 2675 Amphitheatro:
1039 2597 1134 2658 Scena
1157 2613 1209 2676 per
1228 2591 1365 2656 medium
1393 2589 1484 2674 ipsrus
1540 2630 1542 2640 ι

345 2679 507 2760 exstrusta,
536 2697 567 2742 er
594 2681 633 2742 ad
655 2699 751 2742 unum
778 2693 893 2741 tantum
915 2677 1113 2759 hemicyclum
1140 2675 1313 2763 spesiante:
1346 2696 1421 2740 nam
1447 2680 1484 2742 ab

344 2780 478 2853 utroque
498 2767 720 2848 Amphitheatri
744 2763 927 2828 semicirculo
951 2765 1078 2846 speslari
1096 2785 1167 2830 non
1193 2756 1331 2849 poteran't
1346 2768 1484 2828 Comoe-

344 2855 435 2918 diaet
459 2873 521 2936 quo
546 2851 669 2929 fastum,
685 2867 720 2914 ut
734 2852 809 2916 dum
825 2856 857 2913 in
873 2850 955 2912 aliud
969 2851 1048 2916 latus
1070 2842 1210 2927 vacudm,
1233 2851 1293 2918 alia
1306 2848 1482 2935 speshacula

343 2939 497 3022 confestim
512 2953 755 3024 proponerentur,
779 2937 871 3000 veluti
895 2939 1025 3020 pugiles,
1050 2937 1233 3018 funambuli,
1254 2954 1286 3001 et
1301 2934 1482 3018 hujusnmdi

343 3047 478 3094 caetera:
500 3027 629 3110 populus
653 3040 721 3088 ante
747 3021 913 3088 absolutam
935 3025 1214 3105 Comoediamillue
1226 3023 1479 3100 concumeriaad

337 3115 407 3180 soca
427 3115 631 3178 commodiora
644 3110 829 3194 occupanda,
853 3112 1116 3192 quemadmodum
1128 3109 1189 3196 ipse
1201 3115 1294 3176 Poeta
1314 3112 1480 3194 conqueri·

341 3219 405 3278 tur,
432 3221 528 3282 neque
554 3213 678 3282 propter
701 3197 866 3282 strepitum,
881 3211 912 3258 et
933 3198 1093 3262 mulierum
1120 3199 1246 3263 deloco
1274 3199 1480 3281 pugnantium
1540 3232 1542 3275 t

342 3289 513 3360 clamorem,
548 3285 819 3366 absolvi‘potuerit.
862 3283 955 3366 Quod
981 3300 1019 3346 ne
1033 3284 1181 3349 accideret
1201 3287 1234 3348 in
1250 3283 1384 3367 publicis
1411 3285 1480 3348 Lu·
1540 3306 1542 3397 p

343 3376 401 3455 dis,
423 3371 560 3436 existimo
577 3369 758 3454 potissimum
777 3368 895 3432 movisse
908 3369 1015 3433 Caium
1031 3373 1204 3448 Curionem,
1226 3370 1282 3454 qui
1296 3370 1381 3434 bello
1396 3370 1477 3432 civili
1540 3412 1542 3428 .

343 3467 375 3528 in
405 3459 583 3524 Caesarianis
606 3458 740 3540 partibus
755 3456 842 3531 obiit,
864 3472 901 3518 ut
927 3453 1058 3520 Theatra
1071 3458 1126 3539 duo
1150 3458 1257 3540 lignea,
1285 3475 1384 3538 eaque
1410 3477 1474 3518 am·
1540 3435 1542 3507 l

342 3549 469 3634 pliffima
493 3545 687 3628 excogitaret,
714 3546 745 3609 in
772 3545 883 3626 quibus
910 3545 999 3605 etiam
1019 3545 1096 3605 duae
1109 3546 1197 3628 essent
1210 3539 1323 3618 scenae,
1350 3557 1479 3626 propter
1540 3529 1542 3619 l

255 3638 260 3646 '
343 3635 541 3720 spestatorum'
568 3629 820 3694 commoditatem.
875 3628 968 3691 Erant
999 3645 1100 3732 aptam
1136 3629 1238 3715 (quod
1264 3632 1379 3694 mirum
1402 3627 1477 3713 suit)

338 3719 499 3788 ,cardinum
517 3717 699 3802 fingulorum
714 3714 837 3780 versatili
867 3713 1001 3798 suspensa
1015 3719 1208 3792 lrbramento,
1225 3717 1330 3799 inquit
1345 3717 1477 3792 Plinius,
1540 3718 1542 3722 ’

343 3808 484 3893 equibus
504 3803 661 3886 utriusque
690 3801 922 3866 antemeridiano
940 3802 1083 3867 ludorum
1110 3801 1277 3887 spectaculo
1290 3803 1377 3866 edito
1398 3805 1477 3866 iuter
1540 3803 1542 3819 s

211 3891 215 3899 ’
335 3896 374 3963 «ῐο
388 3889 493 3958 aversas
509 3893 558 3970 (ne
572 3892 695 3954 invicem
715 3887 918 3970 obstreperent
940 3886 1054 3970 scenae)
1070 3905 1101 3952 et
1117 3906 1239 3972 repente
1267 3887 1473 3969 circumassis,

313 3995 315 4002 ’
341 3993 504 4048 utcontra
531 3979 662 4051 stareut3
699 3973 845 4058 postremo
865 3976 923 4037 iam
945 3976 994 4038 die
1022 3974 1270 4040 descendentibus
1294 3975 1426 4050 tabulis,
1446 3989 1476 4037 et
1540 3976 1541 4009 r

343 4067 482 4136 omnibus
505 4065 583 4126 inter
605 4059 633 4124 se
647 4063 833 4132 coeuntibus,
853 4057 987 4124 faciebat
1001 4065 1278 4144 Amphitheatrum,
1301 4077 1334 4125 et
1346 4053 1473 4146 'gladia-

344 4171 444 4220 torum
458 4147 621 4232 spcslacula
644 4148 762 4223 edebat,
785 4143 879 4230 ipsum
901 4151 994 4230 magis
1015 4147 1207 4225 austoratum
1229 4148 1382 4232 populum
1406 4152 1473 4212 Ro·

249 4257 256 4266 “
342 4258 464 4310 manum
482 4231 698 4298 circumferens.
736 4237 850 4320 ¹ltaque
872 4234 965 4310 vides,
985 4237 1246 4320 quemadmodum
1261 4236 1381 4300 Scenici
1393 4233 1474 4298 Ludi

328 4329 419 4392 ¹dum
434 4337 602 4408 agerentur,
623 4315 727 4396 auersas
750 4320 872 4386 theatris
897 4323 1076 4406 agebantur,
1099 4343 1139 4390 ue
1162 4323 1253 4389 turba
1266 4322 1375 4388 fieret:
1399 4323 1473 4386 dum

1257 4469 1262 4476 .
1365 4423 1468 4474 alitem
