3250 5259
260 486 263 503 ⁸
328 536 402 642 on
442 535 672 634 suarna
716 535 1066 637 Jtnlvuuntrs
1230 526 1314 612 51.

129 653 244 788 lautis,
265 708 296 773 bt
317 711 444 772 Gnaecos
467 723 520 788 per
545 681 664 768 satiram
690 697 787 768 luisse
811 705 883 789 quis
908 703 1031 782 dixerit,
1056 703 1182 790 quando
1206 731 1280 794 pro.
1308 677 1311 689 ’

123 800 291 872 terumilla
312 791 370 862 stue
392 793 527 877 petulans
542 789 694 868 dicacitas,
717 811 788 876 quse
805 791 938 874 satyrica
961 810 1170 876 nuncupatur,
1191 819 1289 882 aeque,
1391 849 1396 855 .

120 889 273 958 naturalis
289 889 428 948 Romano
442 877 556 955 ¹suerit,
579 895 671 960 atque
691 876 790 964 satura
807 877 879 944 ¹stre
901 877 1029 944 miscella
1045 880 1195 959 jocorum
1207 904 1284 958 cons

120 984 226 1067 geries
251 975 374 1038 Graeco.
420 971 487 1030 lmo
508 963 529 1027 li
553 965 701 1028 curiosius
722 962 924 1048 inspiciamus,
947 965 1033 1032 satira
1065 963 1125 1029 fuit
1152 972 1280 1037 Homeri

123 1067 292 1152 Margites,
316 1077 355 1121 ex
385 1075 448 1140 quo
479 1047 722 1116 formatam-esse
753 1055 937 1129 comoediam
970 1052 1143 1118 Aristoteles
1169 1058 1276 1134 innuit,

122 1145 388 1240 quemadmodum
402 1159 441 1206 ex
453 1137 584 1204 Iliade&
599 1137 724 1221 Odyssea
740 1140 920 1224 tragediam
937 1141 987 1205 a&
1004 1141 1278 1225 forteauptaestan.

123 1243 257 1306 tiffimua
271 1250 359 1319 poeta
378 1228 538 1312 opere-illo
561 1223 618 1291 sub
638 1224 758 1310 persona
781 1230 924 1312 Margitis
951 1228 1097 1314 quosdam
1121 1227 1211 1295 seculi
1233 1233 1278 1298 sni
1373 1273 1383 1291 .

122 1325 275 1394 fatuos&
297 1317 446 1384 moriones
461 1311 672 1397 descripserat:
694 1331 775 1380 certe
788 1317 869 1378 varia
893 1331 1058 1382 metrorum
1083 1335 1192 1400 genera
1207 1321 1285 1384 mis·-

121 1427 245 1490 cu'erat,
268 1407 343 1472 sicut
362 1404 594 1478 &Chaeremon
616 1397 703 1482 cujus
719 1399 890 1466 inscribitur
904 1402 1075 1470 Centaurus
1101 1404 1278 1502 noaiprrpoe

125 1505 180 1572 κὀιὶ
198 1495 291 1592 pratri
317 1487 478 1589 'pedulia
536 1495 583 1552 Ac
597 1487 802 1561 vetustissimas
824 1491 952 1574 quidem
977 1495 1154 1588 Latinorum
1175 1501 1276 1570 satiras

125 1625 193 1668 non
218 1597 281 1664 sola
304 1610 416 1665 rerum,
445 1585 495 1652 sed
521 1588 613 1654 etiam
638 1605 806 1656 metrorum
827 1592 970 1656 varietate
995 1598 1154 1678 permistas
1185 1602 1275 1673 fuiss,

124 1679 436 1754 summittentem
465 1679 591 1759 eamque
602 1676 813 1756 diversitatem,
837 1698 900 1765 quo
921 1676 1045 1746 saturior
1069 1687 1274 1774 lieretsatura,
1399 1728 1402 1735 =

125 1780 169 1842 ab
186 1771 335 1842 Terentio
362 1767 496 1828 Varrone
527 1761 609 1845 prosa
637 1763 769 1830 uersibus
794 1767 912 1829 intexta
939 1770 1148 1853 variegatam:
1172 1800 1271 1864 neque

126 1883 204 1930 vero
225 1855 347 1926 defuisse
357 1850 485 1915 Varroni
500 1847 671 1936 discipulos,
694 1853 970 1931 indicautPetronii
999 1859 1176 1942 reliquiae&
1198 1865 1273 1932 sale-

125 1949 216 2018 brosa
237 1943 379 2014 Martiani
396 1935 533 2022 Capellae
547 1935 806 2025 ἐγκυκλοπαιδεῖα.
830 1959 899 2004 nam
927 1957 1053 2026 uterque
1077 1947 1275 2020 hauddubie
1349 2006 1353 2019 „

125 2053 280 2119 varronis
295 2041 437 2127 exemplo
450 2038 569 2104 satiram
583 2037 714 2102 condere
724 2037 833 2115 voluit,
855 2062 917 2105 non
929 2044 1122 2130 Menippeam
1137 2058 1272 2138 quidem,

127 2142 182 2208 sed
208 2137 380 2220 stmpliciter
396 2126 636 2192 Varronianatu=
661 2126 776 2208 quippe
798 2130 958 2205 nonnullas
974 2134 1080 2214 Varro,
1116 2161 1190 2223 quas
1209 2145 1274 2210 salis
1352 2215 1355 2218 ,

127 2227 340 2299 mordacitate,
362 2217 410 2282 vel
439 2216 512 2280 aceti
532 2213 671 2298 nequitia
689 2213 779 2295 paulo
792 2213 943 2280 liberalius
972 2221 1180 2307 consperserat,
1208 2212 1282 2300 Me.¹

127 2323 259 2404 nippeas
279 2305 448 2390 inscripsrt3
469 2321 567 2386 eoque
597 2297 688 2362 titulo
721 2298 897 2392 scriptorum
920 2301 1106 2386 asperitatem
1128 2318 1276 2383 acerbita.

132 2422 271 2488 temque,
293 2417 356 2462 non
371 2393 484 2467 Satirae,
506 2387 557 2452 sed
580 2387 687 2468 cynico
712 2383 872 2468 Menippei
892 2388 958 2471 styli
982 2398 1103 2461 nomine
1116 2401 1273 2484 fignificari
1299 2456 1301 2465 ,

128 2489 316 2559 declaravita
339 2480 444 2548 utboc
462 2475 582 2540 tandem
596 2473 630 2536 fit
640 2469 830 2536 statuendum
846 2471 945 2548 semel,
967 2479 1091 2546 satiram
1106 2507 1166 2551 non
1178 2497 1273 2577 magi,
1378 2525 1381 2530 ι
1451 2468 1462 2503 ¹.

131 2581 193 2648 effe
215 2575 372 2663 proprium
401 2563 525 2648 alicujus
551 2559 651 2643 scripti
667 2577 787 2636 nomen,
810 2582 903 2644 quam
928 2561 999 2633 sunt
1023 2569 1084 2653 illa,
1102 2578 1281 2670 condierat,

132 2676 227 2763 introi,
246 2675 328 2769 „ipat
353 2659 592 2753 mamistan&
606 2657 711 2722 similia
726 2663 904 2726 Graecorum
918 2662 1104 2734 lautitiarum
1117 2676 1273 2759 vocabula,

130 2761 273 2846 Pliniana
288 2769 325 2834 ad
340 2759 549 2848 Vespasianum
562 2755 707 2826 Caesarem
731 2755 905 2840 praefatione
916 2760 1010 2832 derisa
1028 2791 1037 2826 s
1060 2769 1192 2855 itemque
1210 2776 1274 2856 illa,
1294 2766 1297 2780 ’

132 2869 279 2950 ςξφαυοςρ
309 2847 502 2950 ςρωματειῖς,
542 2846 643 2923 acarde,
671 2846 751 2908 unde
773 2845 863 2910 libris
887 2844 948 2914 suis
977 2854 1080 2926 titulos
1116 2860 1280 2929 confecere

133 2963 292 3042 Meleager
317 2949 502 3023 Gadareuus,
524 2946 554 3008 dc
579 2943 733 3030 Philippus
762 2943 1037 3028 Thessalonicensis,
1071 2951 1103 3014 dc
1134 2956 1274 3030 Clemens
1350 2947 1353 2952 Α

132 3047 369 3118 Alexandriana,
390 3039 418 3100 81
435 3039 543 3098 Sextus
563 3029 745 3096 Africanus:
770 3054 954 3120 quamquam
976 3039 1015 3102 de
1031 3038 1163 3106 Asticani
1184 3048 1276 3121 egilis

131 3143 221 3206 aliter
234 3133 340 3202 sentire
356 3125 425 3212 quis
445 3123 546 3207 poffit,
565 3120 744 3205 proprieque
768 3120 922 3207 inscriptos
946 3124 1032 3190 fnisse
1052 3131 1156 3213 arrd„
1192 3141 1278 3220 quod

133 3232 255 3318 magica
280 3224 420 3310 quaedam
447 3216 590 3292 amuleta,
624 3215 683 3280 stre
716 3217 847 3280 remedia
884 3221 1082 3287 continerent.
1135 3230 1277 3298 Alterum
1313 3222 1318 3226 ’

133 3341 230 3408 porro
243 3315 302 3380 snit
317 3312 422 3393 Satirm
431 3325 538 3392 genus,
554 3323 614 3368 non
624 3305 772 3382 carminis,
795 3301 843 3368 sed
860 3326 959 3372 retum
973 3311 1192 3394 multiplicitate
1205 3341 1277 3384 con.

134 3412 277 3476 lertnmr
300 3399 445 3464 nimirum
468 3389 636 3468 sententiis,
668 3391 757 3474 jocis,
791 3396 974 3476 opprobriis,
1012 3399 1276 3486 indignationibus,

136 3491 298 3582 querelis3
319 3486 434 3574 quibus
466 3481 567 3564 inepta
591 3494 670 3556 uota,
707 3496 808 3562 turpes
840 3482 1028 3566 voluptates,
1053 3489 1176 3566 insrdiae,
1200 3495 1275 3570 doli,
1331 3552 1336 3570 ,

137 3580 305 3652 hominnm
327 3591 425 3640 mores
440 3569 588 3652 graviores
604 3581 743 3650 tanquam
760 3569 790 3629 in
805 3567 908 3632 tabula
918 3567 1145 3653 describuntur.
1167 3583 1277 3646 etenim

135 3665 279 3736 adversus
295 3664 368 3728 haec
382 3657 538 3722 Horatiani
548 3651 613 3734 siyli
628 3651 713 3716 nasus
738 3655 868 3733 acuitur,
890 3657 1049 3740 &grande
1065 3657 1154 3728 Peifii
1170 3665 1277 3750 sophos

138 3755 282 3840 insurgit,
316 3749 346 3812 δι
374 3739 620 3808 vehementiffitua
642 3740 793 3820 Juvenalis
816 3741 905 3807 nostri
933 3747 1065 3816 Ncmesrs
1092 3757 1278 3822 accenditur,

138 3845 261 3914 Ennius
278 3837 319 3905 2&
349 3833 483 3899 Lucilius
510 3831 540 3892 in
570 3829 673 3912 primis
697 3843 781 3891 erant
806 3832 996 3912 nominandi,
1031 3839 1276 3926 quandoquidem

126 3931 233 4018 ¹primi
250 3927 369 3990 laudem
390 3923 421 3982 in
440 3915 526 4003 satira
540 3911 757 3978 suntassecutir
780 3911 954 3983 sedentum
979 3922 1070 3987 hodie
1096 3947 1156 3991 non
1177 3928 1277 4017 super-

138 4023 213 4088 sunt
228 4014 282 4080 nist
304 4010 472 4094 fragmenta
493 4001 677 4085 quaedam&
699 4003 781 4066 velut
796 4003 856 4066 ossa
879 4005 1025 4093 disjesia:
1049 4033 1120 4096 quae
1147 4018 1200 4080 etsr
1223 4021 1279 4082 rite
1325 4051 1331 4061 ·

137 4113 214 4176 sane
229 4097 285 4167 uiri
305 4097 387 4162 dosii
412 4093 550 4178 legerint,
572 4087 602 4152 δι
626 4091 657 4154 in
681 4088 858 4175 posteritatis
880 4099 1051 4160 memoriam
1081 4103 1278 4183 condiderint,

139 4213 245 4261 tamen
267 4191 310 4252 ita
329 4183 397 4250 suut
423 4181 543 4243 diutino
559 4175 617 4240 sttu
639 4175 820 4254 cariosa,'‘ut
836 4181 898 4258 jam
916 4180 992 4245 nihil
1022 4185 1075 4248 nist
1104 4196 1280 4257 venerandae
1357 4185 1364 4208 ⁸

139 4271 333 4365 antiquitatis
347 4287 458 4338 nomen
470 4265 649 4334 ‘exhibeant
693 4265 788 4356 Quod
817 4267 898 4333 stcui
924 4265 1004 4333 forte
1032 4273 1198 4344 dolendum
1223 4281 1280 4346 effe

1198 4373 1281 4434 uide·
