3250 5259
345 567 433 646 nn
482 545 956 663 PoND'ERIBUS,
1021 571 1094 645 nc.

156 742 203 799 bat
223 736 362 802 ducentos
372 766 374 770 ·
384 736 574 818 qnadraginta
600 736 631 797 in
653 740 770 815 longum
784 736 881 819 pedes,
901 740 1032 801 inlatum
1049 743 1163 799 centum
1178 745 1203 800 a
1225 736 1270 798 vi·

175 836 236 878 mtr.
332 864 334 883 ,
428 866 431 873 .
481 836 496 859 ··

156 838 173 894 g
194 896 334 965 Stadium,
354 890 630 964 mensuraGraeca,
649 910 710 953 erat
722 912 835 953 centum
854 894 959 979 viginti
981 895 1110 979 quinque
1130 898 1393 979 passuumffieaaem,

157 997 275 1056 quornm
295 975 419 1053 quilibet
437 975 566 1053 quinque
575 973 691 1051 pedibus
703 975 878 1037 censebatur.
897 996 902 1003 ’

167 1080 169 1084 ’
273 1054 401 1113 Milliare
413 1054 575 1111 Romanum
596 1073 647 1131 par
659 1070 718 1110 erat
740 1054 803 1111 osto
825 1052 929 1115 stadiis.
1276 1067 1398 1122 Μῃὶαη.
1496 1116 1499 1120 ,

161 1133 234 1195 Hinc
248 1134 334 1197 sucil'e
349 1131 390 1191 esi
404 1132 487 1193 stadia
507 1139 533 1191 δι
552 1132 683 1190 milliaria
696 1132 730 1188 ad
744 1134 888 1193 leucarum
908 1131 1063 1193 nostrarum
1076 1133 1410 1207 communiumsdaotfla·

160 1215 292 1273 rationem
306 1211 352 1270 exi
374 1232 430 1270 ere.
469 1213 576 1282 Leuca,
597 1216 696 1289 quales
709 1210 810 1287 viginti
822 1214 951 1294 quinque
970 1215 1088 1293 gradum
1108 1234 1197 1272 unum
1212 1212 1322 1272 madia
1333 1208 1360 1260 ὅ
1371 1204 1427 1259 md·

94 1294 95 1299 ’
160 1291 261 1350 ridiani
280 1234 414 1350 terredris
426 1294 553 1368 explent,
576 1290 661 1347 habet
680 1286 837 1367 hexapedas
866 1294 952 1351 2282.
993 1293 1090 1351 Stadia
1108 1292 1199 1370 igitur
1211 1280 1353 1351 duollW
1364 1290 1407 1331 ’θ’

162 1370 246 1429 serane
270 1376 296 1429 dc
314 1370 430 1447 viginti,
452 1372 509 1427 duo
527 1368 659 1427 milliaria
681 1374 707 1427 dr
733 1369 903 1447 septingenti
928 1372 1138 1451 quinquaginta
1164 1352 1404 1449 passuss‘s‘m'us'

163 1450 265 1509 leucam
274 1450 454 1517 conficerent,
463 1448 496 1506 ss
509 1468 562 1527 =pea
575 1446 722 1507 Romanus
734 1448 799 1527 pedi
811 1450 905 1509 nostro
916 1472 968 1530 par
985 1452 1060 1510 ellet.
1100 1450 1155 1509 Sed
1169 1451 1189 1507 li
1212 1431 1351 1509 dis-‘'⁰¹‘’

160 1528 293 1597 criminis,
312 1529 390 1606 quod
412 1526 487 1585 inter
515 1543 669 1607 utrumque
687 1526 809 1599 interest,
833 1529 906 1589 ratio
928 1532 1074 1601 habeatur,
1103 1528 1188 1589 stadia
1209 1536 1270 1589 lere

157 1624 278 1685 quatuor
292 1613 316 1665 δι
330 1606 446 1683 viginti,
469 1605 523 1665 tria
536 1604 668 1665 milliaria
681 1606 710 1663 in
730 1609 839 1666 leucam
852 1609 1018 1688 imputanda
1029 1626 1123 1667 erunt.

168 1694 174 1709 '
198 1688 286 1761 Qtod
312 1686 416 1761 spediat
439 1684 474 1743 ad
488 1686 737 1756 mensuraacavas‚
762 1704 809 1745 eas
832 1707 1022 1767 omnesquae
1047 1687 1078 1745 in
1094 1686 1179 1746 Livio
1191 1686 1271 1747 idea·
1314 1690 1319 1697 '
1350 1684 1357 1690 ⁵

158 1761 240 1823 tidem
253 1768 445 1845 appellantur,
464 1764 500 1823 ad
519 1764 677 1823 nostrarum
696 1763 835 1825 rationem
852 1767 966 1847 exigere
983 1765 1163 1827 necessarium
1186 1766 1272 1827 duxi·

156 1862 226 1901 mus.
430 1891 433 1901 ,
1058 1898 1062 1903 .

195 1924 354 2003 Amphora,
375 1922 431 1981 srve
444 1922 623 2003 quadrantal,
642 1910 709 1981 erat⁴
731 1921 789 1993 ipse
817 1943 866 2001 pes
889 1922 1007 1982 cubicus
1020 1924 1178 1999 Romanus,
1199 1925 1396 2005 tededmplm

159 2001 276 2061 Fannio.
317 2003 371 2060 ned
385 2022 474 2083 quum
489 2002 519 2059 in
534 2002 603 2078 pede
616 2000 748 2059 Romano
766 2002 898 2061 undecim
919 2001 977 2060 sere
991 2004 1045 2062 lint
1060 2003 1175 2081 pollices
1189 2002 1267 2063 Pari·
1270 2018 1313 2073 pes
1324 2001 1422 2057 entim'

158 2080 263 2154 srense's,
289 2082 439 2157 (decimam
454 2080 566 2157 pollicis
579 2098 697 2159 partem,
717 2100 791 2159 quae
813 2080 888 2139 abest
910 2081 974 2159 pedi
986 2082 1127 2151 Romano,
1148 2076 1403 2161 negligi-Romanu·

158 2169 231 2234 mus)
249 2182 299 2239 pes
313 2159 431 2224 cubicus
442 2158 588 2217 Romanus
607 2160 680 2218 solos
693 2160 815 2218 habebat
832 2160 950 2237 pollices
972 2162 1087 2221 cubicas
1111 2162 1189 2221 mille
1211 2179 1268 2219 tre·

155 2257 252 2298 centos
265 2241 387 2317 triginta
412 2258 515 2314 unum,
539 2240 637 2318 quales
660 2238 848 2297 habetmille
873 2238 1063 2318 septingentas
1077 2240 1180 2317 viginti
1204 2241 1269 2299 osto

94 2336 95 2339 ’
156 2339 202 2396 pes
215 2310 453 2395 nolie‘rcubicus.
495 2316 539 2379 lta
563 2337 597 2375 ue
610 2336 659 2394 pes
670 2318 789 2377 cubicus
800 2317 946 2377 Romanus
959 2317 1045 2378 estad
1063 2320 1163 2397 pedem
1185 2316 1270 2378 cubi·

94 2386 96 2447 ἶ
155 2384 218 2457 cuin
233 2397 394 2469 nostratem,
422 2412 455 2454 ut
469 2400 521 2474 fi,
536 2338 571 2454 ill
584 2416 613 2472 4.
627 2394 683 2453 five
693 2412 726 2454 ut
738 2414 788 2471 37.
798 2396 835 2453 ad
851 2398 900 2471 48.

94 2478 95 2481 ’
194 2472 314 2535 Modins
341 2475 416 2554 apud
430 2475 575 2540 Romanoa
588 2474 666 2551 pedis
679 2474 721 2532 sui
740 2475 835 2534 cubici
847 2476 931 2535 tertia
951 2494 1015 2553 para
1039 2491 1108 2548 erat,
1136 2472 1386 2558 quemad-mm,

155 2556 269 2619 mudum
304 2556 380 2635 apud
409 2574 474 2625 nos,
511 2552 608 2613 nostri.
662 2554 762 2633 ltaque
788 2556 885 2612 eadem
911 2554 949 2613 est
975 2553 1050 2612 inter
1073 2555 1182 2613 modios
1206 2554 1353 2615 Ro·terria
1365 2577 1428 2631 pm

155 2656 268 2694 manum
284 2640 311 2695 δι
330 2632 491 2703 nostratem,
514 2652 587 2715 qnae
606 2630 680 2691 inter
690 2632 774 2709 pedes
791 2631 906 2692 cubicos
917 2632 1079 2693 Romanum
1093 2645 1119 2695 dt
1133 2630 1413 2701 Phineu-amplam.
1439 2653 1443 2659 ·

150 2716 206 2776 sem
220 2713 320 2776 ratim·

192 2793 327 2871 Congius
337 2790 374 2851 eli
387 2790 503 2869 semipes
516 2788 663 2853 Romanus
677 2788 808 2862 cubicus,
833 2790 931 2850 oslava
942 2810 1008 2870 para
1019 2792 1182 2870 amphorae.
1214 2790 1388 2881 SedGonge‘ua,
1402 2851 1405 2864 Ι

151 2894 242 2953 quum
256 2870 380 2949 congius
398 2870 433 2929 ad
447 2868 588 2929 metienda
615 2867 725 2949 liquida
750 2869 941 2942 adhiberetur,
967 2868 1170 2930 aestimabimus
1188 2872 1426 2941 eumjmtpascn·

152 2960 222 3013 ut&
248 2969 357 3013 ceteras
384 2950 458 3009 infra
480 2948 571 3026 ipsum
597 2946 750 3019 mensuras,
770 2948 851 3017 iniis
871 2949 1006 3009 mensuris
1031 2970 1101 3041 quas
1130 2968 1263 3007 vocamus
1272 2940 1346 2993 nicus«.

147 3038 246 3111 piatas,
271 3037 301 3089 dc
315 3049 409 3089 earum
422 3030 560 3107 partibus.
599 3029 701 3119 Itaque
711 3028 830 3106 congius
843 3045 968 3098 centum,
986 3043 1025 3086 ,ut
1038 3027 1122 3085 mitio
1132 3027 1267 3097 diximus,

152 3111 251 3170 uncias
260 3110 412 3175 Romanas
425 3106 521 3184 pondo
537 3104 596 3165 vini
609 3108 747 3185 capiebat,
768 3104 874 3187 quibua
889 3124 968 3186 pares
991 3106 1056 3163 sunt
1073 3110 1148 3179 104}
1167 3105 1268 3163 unciae

151 3189 337 3258 Parilienses‚¹
357 3188 411 3257 save
425 3186 513 3252 librae
533 3185 595 3258 sex,
612 3185 711 3245 unciae
729 3186 802 3259 odo,
821 3204 887 3246 cum
908 3204 964 3245 una
975 3186 1051 3243 sexta
1064 3184 1163 3243 unciae
1175 3201 1266 3261 parte.
1287 3240 1293 3248 ,

152 3270 192 3330 At
219 3268 284 3329 vini
300 3267 346 3325 vel
359 3286 449 3345 aquae
468 3270 543 3343 piata
563 3264 618 3339 (fic
629 3265 705 3323 enim
724 3266 805 3347 loqui
817 3264 922 3323 necesse
945 3262 1027 3331 emsa
1050 3264 1199 3321 verborum
1213 3262 1270 3321 clr-

150 3349 255 3420 cuitus,
278 3345 451 3421 &ambages
465 3342 554 3406 vitare
570 3345 715 3417 volumus)
737 3361 840 3424 aequat
859 3344 926 3402 duaa
938 3342 1024 3401 libras
1036 3341 1170 3421 pudere.
1211 3341 1268 3402 lta·

148 3449 205 3509 que
230 3425 358 3502 congius
382 3422 510 3501 capiebat
539 3435 594 3479 tres
620 3420 681 3480 vini
701 3423 747 3482 vel
769 3429 858 3503 aquae
874 3429 964 3502 pinsas
990 3427 1017 3480 dc
1037 3422 1123 3500 paulo
1141 3420 1265 3499 amplius
1344 3494 1346 3498 Ι

147 3523 282 3589 quartam
294 3514 381 3571 sintae
406 3518 535 3579 partem..

185 3583 353 3652 Scantius,
365 3578 449 3647 sexta
473 3598 537 3657 para
550 3576 657 3657 congii,
680 3578 818 3637 sexdecim
838 3578 935 3638 uncias
959 3578 1102 3642 Romanas
1114 3577 1176 3637 vini
1189 3590 1411 3657 pon-,mm
1461 3580 1468 3598 ¹

147 3668 184 3741 dq
208 3685 279 3726 cum
309 3658 438 3743 quinque
451 3656 595 3721 drachmis
610 3662 636 3715 a
663 3678 719 3715 una
739 3658 824 3717 tertia
847 3658 998 3717 drachmae
1023 3676 1103 3737 parte
1127 3658 1262 3737 capiebar,
1288 3678 1292 3683 ’

144 3746 252 3808 libram
277 3740 460 3811 Patifiensem
483 3756 549 3797 cum
574 3734 658 3795 uncia
675 3741 701 3795 dr
715 3736 829 3812 semisse,
849 3756 883 3797 ac
902 3737 1022 3816 proinde
1045 3739 1137 3817 major
1160 3748 1276 3800 eratea'

144 3811 280 3885 mensura
290 3840 377 3901 quam
388 3835 521 3893 vacamus
534 3811 646 3895 cdopine.

94 3932 96 4007 p
175 3900 327 3979 Hemina,
348 3917 412 3976 pass
425 3892 542 3955 dimidia
555 3910 613 3953 erat
623 3892 746 3966 sextarii,
765 3914 797 3955 ac
810 3892 929 3974 proinde
941 3896 1088 3975 superabat
1108 3914 1171 3958 eam
1184 3915 1262 3955 men·
1271 3907 1386 3974 Ηεῃήηρ,

94 4012 96 4053 r
141 3969 236 4045 surani
261 3999 339 4060 quae
358 3974 433 4053 apud
447 3994 497 4039 nos
515 3970 620 4031 dicitur
631 3972 808 4055 demi-sepner.

94 4056 97 4159 l
180 4051 374 4141 Qasr-tarini,
393 4067 500 4134 ,quarta
512 4072 576 4130 para
598 4050 721 4125 sextarii,
741 4074 800 4113 nou
823 4055 944 4115 multum
957 4050 1108 4113 excedebat
1119 4071 1184 4113 eum
1199 4072 1414 4146 mo·Q„„„„,·,

94 4168 95 4215 j
140 4142 256 4214 duliam,
278 4132 366 4219 quem'
386 4133 506 4192 dicimus
522 4134 628 4211 poifflm.
672 4148 677 4158 ‘
1267 4165 1307 4200 u„

94 4216 95 4263 l
177 4226 206 4285 Ε
222 4213 368 4287 mensuris
388 4211 464 4276 cavis
477 4209 554 4289 apud
567 4213 693 4269 Graecos
710 4208 827 4283 usitatis,
842 4209 928 4271 solius
938 4209 1071 4271 medimni
1083 4209 1159 4289 apud
1171 4210 1255 4271 Liri·
1262 4239 1426 4303 Mum·

94 4292 96 4381 l
141 4317 188 4370 pm
201 4300 238 4371 ἧς
250 4292 375 4373 mentio,
395 4290 593 4384 quodduabus
602 4288 747 4375 amphoris
765 4290 821 4349 save
832 4289 993 4357 scamnellis
1004 4307 1137 4380 parerat.

735 4368 752 4435 s
1169 4369 1269 4459 Atque
1438 4342 1479 4441 ,³³⁸

94 4654 96 4763 r
