3250 5259
558 515 631 592 nis
654 497 951 630 vespasiani
976 500 1276 589 iiiaacnnis

381 713 426 779 'At
440 733 530 798 quam
545 703 634 780 fidem
643 701 785 779 'obtinere
798 715 909 782 debent
920 713 972 778 illa
981 707 1151 795 Vespasiani
1162 711 1321 776 miracula?
1338 711 1464 792 nullam,

331 817 377 868 'ut
383 806 498 886 opinor.
511 802 620 886 Atque,
629 805 740 865 utalios
750 803 858 865 multos
870 801 1023 876 sileam,ita
1034 819 1156 882 quoque
1164 797 1464 870 tenfiinlistriffiuui

344 893 484 968 lluetius,
507 888 700 974 Demonstrat.
724 887 915 969 Evangeliaj
938 885 1085 968 Propulit.
1107 887 1160 949 Vl.
1181 907 1263 950 unm.
1280 886 1311 951 6.
1355 892 1466 952 Nemi-

345 999 414 1043 nem
434 995 557 1060 quoque
578 973 772 1040 dissensumm
801 979 877 1051 reor,
901 977 952 1058 qui
983 973 1169 1056 perpenderit
1190 993 1260 1058 quae
1279 971 1394 1038 suerint
1416 975 1467 1040 illa

345 1064 498 1140 miracula,
520 1063 627 1144 quoin
653 1063 730 1139 loco,
754 1062 784 1124 δι
800 1081 818 1124 a
836 1083 900 1145 quo
918 1061 974 1124 fint
990 1059 1078 1123 edita.
1120 1063 1166 1124 Ac
1178 1060 1276 1144 primii
1289 1061 1412 1143 quidem
1436 1065 1468 1126 in

345 1155 404 1217 illis
415 1147 578 1232 Vespasiani
597 1151 744 1215 miraculis
760 1148 834 1213 nihil
856 1149 907 1225 eil,
931 1147 1013 1230 quod
1027 1148 1089 1209 viiii
1103 1145 1231 1211 divinam
1252 1149 1468 1214 miraculorum

342 1237 526 1303 effeslricem
552 1235 691 1299 adstruat.
747 1239 874 1300 Sanatnr
897 1238 975 1300 enini
999 1237 1116 1298 caecitas
1141 1234 1278 1310 hominis,
1302 1235 1362 1313 cui,
1398 1235 1469 1302 teste

258 1320 262 1330 '
346 1326 471 1402 Tacite,
500 1321 548 1385 vii
573 1321 688 1386 luminis
711 1345 764 1386 noir
789 1339 854 1386 erat
891 1324 999 1410 existi..
1024 1317 1160 1384 Curatur
1188 1321 1292 1384 mantis
1319 1321 1468 1402 debilitas,

345 1433 423 1498 quar,
450 1409 554 1474 mem
570 1408 701 1484 austore,
721 1411 753 1472 in
774 1429 895 1493 pravum
911 1405 1017 1494 elapsa,
1060 1425 1155 1472 oterat
1183 1409 1334 1494 integrari.
1375 1413 1472 1498 Qud

348 1498 447 1562 adbuc
482 1510 693 1580 argumentum
728 1495 771 1560 est
804 1498 946 1560 incertam
977 1493 1062 1558 sirie
1099 1494 1219 1559 illorum
1259 1498 1471 1562 miraculorum

348 1587 471 1658 samam,
501 1602 591 1666 quem
614 1603 704 1646 manu
732 1583 858 1648 debilem
885 1581 956 1646 facit
984 1584 1124 1655 Tacitus,
1145 1603 1213 1646 eum
1232 1583 1374 1648 claudum
1398 1586 1471 1650 dicit

351 1673 509 1736 Suetonius
521 1672 551 1732 in
565 1667 728 1752 Vespasian.
750 1672 830 1733 Vll:
852 1691 886 1733 ea
906 1688 1027 1752 quoqne
1046 1684 1159 1752 patrata
1175 1669 1314 1734 miracula
1329 1673 1470 1750 Tacitus,

350 1758 474 1832 mediiis,
497 1758 666 1834 Suetonius,
688 1756 788 1820 amicis
812 1751 1003 1830 hortantibus,
1026 1771 1135 1819 narrat.
1177 1755 1275 1820 Utut
1293 1757 1346 1831 cst,
1370 1757 1473 1828 baecns

351 1845 519 1910 miracula?
542 1844 717 1908 Curationes
736 1844 787 1906 vix
813 1843 938 1906 dixeris.
985 1841 1045 1906 Ubi
1060 1845 1139 1905 enini
1169 1844 1198 1906 in
1213 1845 1302 1907 rebus
1323 1846 1473 1910 ieitffimis

351 1929 564 2013 fallacibusque
578 1928 699 2013 operosa
719 1930 761 1994 esl
785 1930 992 1994 miraculorum
1009 1927 1176 2004 ostentatio,
1199 1949 1259 1994 non
1283 1929 1335 1994 ell-
1347 1933 1475 2000 miracu·

323 2066 336 2089 ,
354 2020 431 2092 lum,
453 2015 503 2080 sed
517 2015 692 2079 histrionum
704 2018 947 2080 circulatorumue
960 2013 1042 2079 stans
1054 2015 1293 2084 ac'mendaciiiiu.
1480 2014 1483 2023 '
1542 2019 1544 2034 ⁴

360 2141 366 2148 -
394 2103 483 2178 Adde
496 2103 559 2164 liaec
569 2103 709 2166 miracula
723 2101 856 2180 evenisse,
881 2103 1081 2180 Alexandriae,
1103 2105 1135 2166 in
1158 2104 1233 2166 urbe
1257 2103 1418 2180 vanissimi,
1438 2105 1477 2170 ad

357 2210 448 2256 omne
477 2187 714 2270 superstitionum
738 2211 832 2275 genus
862 2187 1074 2272 projectitius,
1111 2191 1256 2273 Serapidis
1281 2193 1478 2277 religionibus

355 2275 468 2355 insani,
489 2274 586 2340 suisin
600 2279 749 2359 Principes
766 2275 983 2340 adulationibus
997 2277 1163 2356 vaferrimi,
1188 2273 1233 2341 uti
1249 2277 1327 2344 testis
1340 2279 1385 2344 eit
1402 2300 1479 2344 ocu·
1543 2271 1544 2336 Ὗ

357 2367 435 2430 latus
443 2365 537 2440 Philo,
560 2365 590 2426 in
603 2362 706 2446 Legat.
720 2364 761 2426 od
773 2361 886 2439 Caium,
910 2381 977 2446 pag.
993 2381 1085 2444 1017.
1543 2371 1544 2440 ζ

268 2497 272 2503 -
400 2457 490 2516 Nunc
503 2449 572 2514 verb
583 2452 652 2534 quis
666 2452 729 2513 haec
741 2448 882 2514 miracula
907 2447 992 2512 ausus
1016 2448 1081 2514 esti
1104 2451 1307 2534 Vespasianus,
1332 2451 1479 2518 novus&

357 2541 526 2622 inopinatus
541 2540 690 2620 Princeps,
712 2539 760 2600 cui
770 2535 928 2600 auotoritas
944 2537 978 2598 ἔθ’
991 2535 1070 2620 quast
1084 2535 1212 2622 majestas
1227 2541 1425 2618 concilianda,
1449 2556 1483 2604 ut

358 2624 469 2689 latetur
485 2625 652 2700 Suetonius,
681 2626 738 2689 loc.
763 2626 814 2687 cit.
839 2619 1040 2705 Vespasianus,
1063 2625 1116 2707 qui
1140 2627 1170 2686 in
1193 2643 1294 2690 omnes
1319 2627 1483 2694 firmanda
1542 2699 1543 2702 Ἴ

237 2759 241 2763 -
359 2711 567 2789 dominationis
582 2725 657 2775 artes
684 2714 828 2787 intentus,
850 2708 991 2792 religione
1012 2706 1149 2774 maxime
1172 2713 1370 2778 abutebatur..
1406 2716 1485 2780 Inde
1542 2715 1543 2730 ¹

360 2799 569 2880 acceptissimus
592 2798 619 2860 ei
634 2795 691 2859 suit
707 2796 866 2877 Josephus,
888 2794 971 2876 quiid
996 2797 1124 2861 mendax
1148 2796 1197 2861 ille
1210 2797 1336 2880 Judaeus
1353 2802 1487 2880 oracula,

359 2905 428 2968 quae
444 2881 593 2948 Christum
622 2903 719 2966 regern
742 2883 864 2964 ejusque
887 2883 1043 2962 imperium
1068 2887 1346 2968 praenuntiaverant,
1369 2893 1402 2954 iri
1417 2909 1486 2952 eum
1539 2943 1542 2956 r

257 2968 263 3039 ζ
363 2972 505 3035 traxisset.
541 2967 660 3051 Joseph.
695 2966 768 3031 Bell.
801 2965 878 3054 Jud.
910 2971 963 3046 ΙΙΙ,
998 2969 1028 3032 8.
1074 2973 1184 3034 Omnes
1205 2993 1340 3058 quoque,
1378 2973 1484 3062 quise

364 3059 511 3121 Dauidicai
534 3056 624 3139 stirpe
646 3053 789 3118 oriundos
817 3053 938 3134 ferrent,
961 3055 1071 3140 inquiri
1090 3059 1247 3141 necarique
1262 3063 1355 3140 jullii.
1380 3062 1488 3138 Euseb,

364 3144 440 3227 Hss·
461 3140 615 3226 Ecclestost.
629 3145 682 3217 ΙΙΙ,
691 3162 760 3211 „11.
802 3138 993 3224 Vespasianus
1006 3143 1137 3221 demum,
1160 3149 1222 3227 qui,
1247 3139 1487 3234 iunctemports'.

363 3231 515 3312 Apollonii
555 3228 729 3308 Tyanensis,
761 3228 931 3303 hominum,
967 3237 1123 3312 quotquot'
1164 3253 1309 3315 uinquam
1339 3235 1488 3312 exstitere,
1540 3259 1541 3296 i

365 3314 629 3389 fraudulentissimi,
659 3315 859 3378 familiaritate
884 3313 1068 3402 consiliisque
1093 3318 1242 3396 utebatur,
1267 3337 1302 3384 ut
1329 3324 1434 3390 videre
1451 3323 1491 3387 est

368 3405 450 3486 apud
466 3400 686 3476 Pliiloslratum,
710 3400 772 3463 Vit.
799 3401 943 3482 Apollon.
966 3405 1002 3478 V,
1027 3403 1216 3488 27.&leqq.

370 3541 379 3558 .,
411 3494 486 3553 llaec
501 3487 565 3550 satis
579 3485 723 3570 superque
737 3487 814 3562 snut,
838 3504 870 3549 ut
886 3487 998 3552 conslet
1016 3489 1180 3573 Vespasiani
1199 3494 1341 3558 miracula
1360 3493 1448 3561 futffe
1463 3498 1492 3561 in

369 3571 525 3660 AEgyptiis
537 3590 613 3635 artes
628 3571 809 3656 frondesque,
824 3575 855 3636 in
871 3573 1045 3657 Vespasiano
1060 3577 1187 3659 politicae
1202 3584 1272 3642 artis
1287 3581 1492 3660 instrumenta,
1539 3611 1540 3620 2

368 3665 483 3746 quibus
499 3659 621 3742 quaesita
635 3681 713 3722 novo
727 3663 908 3744 Principatui
934 3659 1092 3726 austeritas
1120 3685 1154 3728 ac
1177 3669 1350 3732 reverentia.
1400 3671 1494 3734 Addit

368 3750 491 3832 quidem
506 3750 632 3810 Tacitus
641 3760 791 3828 utrumque
804 3745 881 3810 illud
897 3750 1069 3811 miraculum
1085 3752 1123 3814 ab
1135 3745 1228 3835 ii'sqiii'
1238 3753 1401 3841 intepuere
1424 3779 1495 3820 nunc

369 3858 475 3920 quoque
496 3832 661 3906 memorari,
690 3831 832 3914 postquam
858 3831 966 3898 nussum
991 3837 1129 3900 mendacio
1149 3837 1286 3923 pretium.
1331 3844 1444 3928 Neque
1465 3843 1495 3907 id

348 3927 491 3988 ·inirum.
535 3915 642 3980 Excisa
670 3916 766 3978 sociat
788 3921 923 3982 Flaviana
941 3921 1067 3997 dumosi
1090 3945 1124 3986 ac
1143 3927 1268 4007 prolude
1282 3927 1404 3990 nullutn
1427 3946 1497 3994 tunt

370 4026 464 4074 erata
479 4002 666 4086 Principibus
677 4003 831 4066 mendacio
841 4008 981 4088 pretinm.
1026 4011 1083 4072 Sed
1095 4007 1205 4091 semper
1220 4013 1364 4076 manebat
1380 4015 1497 4099 AEgyp-

370 4092 609 4176 tiissuperllitioi
645 4088 748 4150 cadem
770 4088 923 4156 Romanos
947 4113 1069 4177 quoque
1082 4095 1113 4158 &
1135 4101 1272 4174 Romam,
1295 4099 1360 4184 quir
1383 4103 1499 4178 peffimii

371 4183 477 4248 omnia
490 4174 693 4248 confluebant,
717 4175 885 4256 proderat:
913 4182 1019 4245 indies
1038 4182 1232 4247 invalescebat
1246 4189 1318 4250 Sera
1328 4189 1497 4272 pidisrene·
1537 4241 1538 4244 ,

339 4297 350 4324 .-
371 4270 464 4332 ratio.
505 4263 671 4348 Quomodo
680 4281 753 4343 ergo
764 4262 940 4350 obrueretur
955 4287 1071 4344 rumor,
1094 4289 1183 4354 quem
1200 4269 1308 4337 servari
1332 4275 1498 4340 intererat!

370 4356 411 4481 Si
430 4352 629 4464 quidorniriim
642 4347 742 4415 uideri
759 4348 864 4460 debet,
886 4353 917 4416 id
936 4353 1074 4452 pinsdlb
1092 4357 1189 4448 quid,
1222 4359 1501 4518 simu-azlldqqiaegg
