3250 5259
449 634 454 643 ι
483 510 760 647 nnnrrnnrs
786 520 820 593 n
842 473 1073 634 ctiunro
1097 513 1390 633 ιιιξιηειιτιε.ι

358 696 475 777 exstent
490 696 1008 787 AEgyptiarumlhatumceliterarum
1023 712 1225 773 monumenta,
1247 698 1287 763 ab
1298 695 1480 781 Assyriislis

360 790 432 852 teris
453 786 575 862 diversa,
599 804 650 853 aut
663 788 696 850 iis
710 786 890 869 antiquiora,
912 806 983 871 quae
996 802 1093 848 tamen
1108 784 1202 847 multa
1228 784 1370 868 superesse
1385 788 1477 852 debe·
1542 799 1543 802 ’

358 890 504 953 rent,non
518 874 670 937 immeritis
690 869 802 954 scripsit
817 872 941 946 Plinius,
960 874 1005 935 vir
1018 869 1167 933 immensae
1187 874 1374 951 eruditionis,
1398 892 1478 951 vrt,

360 966 413 1046 56.
455 956 690 1109 Lt'terasserrper
702 958 834 1047 arsitror
846 955 1083 1045 Affyriarfuiffl.

401 1046 596 1131 Primigenias
609 1048 628 1109 il
641 1066 672 1109 as
687 1045 796 1119 literas,
820 1047 985 1107 maximum
1006 1044 1130 1107 humani
1155 1046 1269 1129 ingenii
1280 1044 1386 1119 sctum,
1410 1066 1478 1108 om·

356 1130 565 1199 nsandi-versas
578 1131 661 1196 fuisse
685 1153 703 1194 a
723 1131 853 1195 rotundo
877 1130 929 1192 illo
955 1131 1134 1207 chataslere,
1157 1152 1220 1215 quo
1244 1135 1328 1196 nunc'
1344 1132 1479 1203 ¹Hebraea

287 1256 293 1272 .
357 1218 522 1296 scribimus,
543 1216 793 1284 certissimumess.
838 1216 1028 1282 Forteeriam
1042 1218 1240 1297 samaritanis,
1265 1221 1380 1306 quibus
1393 1237 1477 1284 nunc

359 1312 483 1385 utimur,
507 1308 597 1392 paulo
611 1307 745 1371 rudiores
760 1303 856 1369 fuere.
1204 1364 1207 1379 ,

400 1396 475 1459 lnde
488 1412 589 1459 autem
601 1393 741 1476 scriptura
754 1390 792 1456 ad
807 1403 1024 1475 omnesgentes
1040 1390 1217 1468 dimanavit,
1239 1414 1310 1478 quae
1322 1395 1478 1477 egregium

237 1557 241 1572 x
357 1486 515 1567 inventum
541 1498 593 1545 aut
616 1478 774 1543 rusticitate
792 1498 853 1545 non
867 1480 1032 1562 neglexere,
1054 1495 1105 1542 aut
1125 1478 1254 1544 vanitate
1274 1502 1335 1543 non
1355 1476 1421 1544 sunt
1434 1480 1478 1545 as·

295 1628 299 1635 .
357 1570 501 1656 pernatae'.
546 1572 609 1633 Hae
622 1570 698 1631 enim
723 1562 860 1650 superbiai
872 1565 1012 1629 laborasse
1034 1566 1106 1629 milti
1120 1565 1260 1631 ridentur
1274 1570 1336 1631 duo
1359 1570 1480 1653 populi,

356 1679 433 1741 quos
453 1660 528 1720 inter
544 1655 638 1739 polita
652 1654 773 1735 Assyria,
796 1648 983 1737 AEgyptii&
1001 1652 1143 1727 Sirenses,
1166 1655 1246 1718 vitiis
1260 1675 1295 1718 ac
1314 1656 1478 1727 virtutibus

356 1744 506 1809 simillimi.
546 1743 603 1806 Sed
628 1742 659 1806 in
688 1738 842 1823 utriusque
871 1759 991 1823 poenam
1016 1743 1106 1803 vertit
1131 1738 1277 1822 superbia.
1324 1744 1480 1825 stupenda

356 1834 436 1897 enim
464 1828 680 1912 AEgyptiotum
705 1843 897 1889 monumenta
925 1828 1028 1909 ignota
1052 1825 1245 1893 obsolescunt.
1289 1826 1424 1894 Siuenles
1446 1834 1479 1895 in

354 1919 543 1987 enucleandis
555 1914 613 1980 suis
623 1914 841 1978 charadieribus
854 1914 967 1996 semper
980 1915 1073 1995 pueri,
1096 1911 1314 1978 consenescunt.

379 2014 384 2021 “
399 2002 512 2071 Utrssm
526 2020 628 2067 autem
641 2014 752 2064 veteres
762 2004 838 2064 inter'
853 1999 1034 2070 charadleres
1048 1998 1177 2066 Sinenses
1188 2000 1218 2064 dt
1231 2000 1395 2087 AEgyptios
1409 2002 1476 2072 fue·

355 2096 396 2160 rit
421 2090 585 2157 similitudo
614 2104 755 2173 quaerunt
778 2087 897 2150 eruditi.
952 2090 1037 2149 Hanc
1061 2090 1182 2171 quidem
1202 2084 1230 2151 se
1251 2090 1478 2171 deprehendisse

354 2180 532 2247 existimavit
547 2177 594 2241 Cl.
619 2170 779 2239 Needham
807 2174 839 2237 in
860 2170 937 2236 Iside
963 2176 1142 2238 Taurinensr
1170 2174 1201 2237 dt
1225 2174 1330 2240 Lexico
1359 2180 1475 2251 Sinenli

356 2263 624 2353 Ussing-iserdum.
668 2266 715 2326 De
730 2260 786 2325 hac
810 2258 1002 2323 fimilitudine
1027 2262 1201 2347 interrogati
1215 2263 1307 2339 Galli,
1328 2266 1382 2348 qui
1396 2266 1475 2331 inter

354 2352 490 2419 sinenses
514 2350 615 2413 multis
642 2349 748 2411 abhinc
762 2348 846 2409 annis
867 2348 991 2431 degunt,¹
1012 2368 1078 2420 eam
1093 2348 1146 2413 sibi
1169 2350 1393 2431 incompertam,
1412 2371 1475 2419 'nec

354 2440 525 2507 Sinenlibus
547 2434 629 2500 libris
654 2432 720 2497 satis
740 2436 841 2503 nixam
858 2428 1042 2517 respondere.
1088 2438 1213 2499 Memini
1231 2436 1357 2520 quidem
1371 2460 1420 2504 me
1433 2443 1473 2507 le·

354 2529 424 2615 gille
438 2527 576 2611 quaedam
600 2525 722 2586 omnino
746 2522 820 2585 mira
841 2520 879 2584 de
902 2521 1049 2584 veteribus
1064 2522 1265 2606 hieroglyphis
1291 2522 1476 2606 Sinenfibus,

355 2616 405 2680 sed
418 2636 489 2699 quae
503 2630 602 2695 neque
615 2611 656 2674 est
671 2610 761 2691 hujus
774 2608 833 2673 loci
846 2609 966 2683 reserre,
990 2628 1097 2691 neque,
1117 2627 1222 2692 utpote
1246 2610 1284 2672 ab
1299 2611 1476 2682 hominibus

288 2706 292 2721 ⁸
356 2704 499 2787 religione
514 2698 737 2781 praeoccupatis,
760 2698 811 2780 qui
824 2694 1044 2759 reconditissima
1058 2695 1231 2759 Christianae
1244 2696 1317 2760 fidei
1337 2700 1476 2783 mysteria

355 2788 552 2854 vetustissimis
584 2781 746 2847 Sinensrum
786 2784 988 2867 hieroglyphis
1015 2783 1192 2847 adumbrata
1224 2786 1474 2871 imaginabantur,

355 2873 529 2959 conscripta,
553 2871 682 2933 multum
697 2866 880 2931 austeritatis
894 2869 1073 2945 obtinerent,
1096 2892 1191 2953 neque
1204 2871 1337 2935 obtinere
1351 2874 1475 2946 debent.

398 2967 482 3029 Dum
498 2958 618 3024 meliora
632 2956 816 3035 certioraque
829 2974 846 3015 a
861 2952 1032 3019 Sinenfibus
1053 2960 1181 3032 veniant,
1203 2954 1292 3024 satius
1304 2960 1360 3023 erit
1379 2960 1478 3045 legere

356 3052 508 3118 eruditum
538 3064 615 3129 opus
629 3043 855 3107 clarissimorum
875 3043 1007 3104 virorum
1023 3038 1204 3107 Warburtan
1224 3042 1255 3105 dt
1281 3043 1420 3112 Leonard
1429 3053 1478 3119 der

357 3136 520 3225 Malpeines
532 3129 647 3197 Parisiis
667 3131 780 3193 editum
810 3148 888 3192 anno
921 3146 1014 3213 1744,
1035 3124 1117 3213 Effer·
1128 3129 1189 3215 sur
1209 3129 1248 3193 les
1269 3126 1477 3222 Hie‘rtglyphes

358 3216 523 3308 Egjpt'iens.
566 3216 754 3284 Nouissimam
769 3214 798 3277 dt
811 3218 960 3299 egregiam
973 3218 1003 3276 in
1018 3216 1182 3278 eruderand
1188 3215 1214 3280 is
1227 3216 1395 3297 linguarum
1411 3227 1477 3305 pri.

358 3310 482 3375 mordiis
509 3302 627 3390 posuere
646 3303 706 3365 Cll.
737 3303 775 3365 de
802 3306 940 3385 Guignes
962 3300 993 3363 δε
1017 3302 1220 3386 Barthelemy.
1245 3304 1417 3376 'Mimoires
1442 3312 1477 3375 de

283 3408 288 3419 ’
358 3392 529 3461 I’Actide'mr'e
557 3388 664 3475 Rr'yale
699 3389 746 3451 des
791 3384 981 3476 inscriptions.
1025 3391 1119 3453 Tom.
1149 3407 1275 3455 xxxta·
1302 3408 1479 3473 pag-212,

260 3482 263 3493 ’
359 3486 451 3547 Nunc
464 3479 535 3545 verb
562 3475 716 3561 quomodo
730 3495 767 3539 ex
787 3476 906 3557 Assyriis
920 3476 1012 3538 literis
1034 3472 1172 3539 fortnatae
1187 3474 1298 3541 suerint
1310 3492 1477 3547 ceterarum

360 3570 498 3653 gentium
524 3566 628 3639 literae,
650 3564 745 3626 oculis
772 3562 926 3625 exhibebit
946 3560 1045 3625 tabula
1072 3562 1213 3625 Edwards
1241 3564 1393 3646 Bernardi‚
1426 3572 1477 3635 cui

358 3656 482 3718 titulum
495 3650 567 3717 fecit
582 3647 671 3713 Orbis
684 3647 793 3711 eruditi
804 3647 969 3710 literatura.
1016 3651 1101 3713 Hanc
1126 3650 1285 3715 meliorem*
1297 3650 1478 3721 andiiorem.

256 3819 259 3825 .
359 3762 420 3828 que
432 3740 561 3806 Londini
574 3758 653 3801 anno
667 3754 748 3819 1759
762 3734 857 3798 edidit
871 3735 918 3796 el.
933 3727 1064 3798 Mortua.

473 4058 546 4134 DE
570 4053 773 4132 strenis
798 4055 830 4127 n
857 3998 1081 4128 cuntium
1105 4011 1368 4131 narraris.

436 4268 694 4345 LAUDlANUM
716 4265 869 4329 inventum
897 4260 1018 4327 testatur
1042 4263 1203 4329 Suetonius
1219 4267 1249 4329 in
1274 4266 1381 4333 Claud.
1404 4290 1480 4341 xm.

329 4366 333 4379 '
417 4363 418 4367 ’
457 4356 561 4421 Novas
588 4354 674 4416 etiam
697 4363 862 4415 commentus
888 4350 927 4433 est
950 4350 1051 4413 literas
1066 4366 1135 4426 tres,
1157 4374 1191 4415 nc
1212 4376 1325 4417 numero
1349 4355 1483 4427 veterum

363 4436 445 4541 ptiust
458 4432 756 4532 maximinetffariat
780 4434 901 4506 addidit.
943 4434 994 4504 De
1006 4444 1130 4521 quarum
1145 4437 1256 4507 ssssss‘
1270 4439 1484 4595 ‘smissvff

388 4550 390 4555 .
523 4552 526 4556 .
1388 4553 1409 4595 a
1450 4553 1484 4597 ut
