3250 5259
323 580 367 650 26
612 571 1067 642 NIC.R1GALT.

337 742 393 808 islo
406 739 550 808 sermonis
573 741 688 806 excelsu
699 738 924 826 sartaginem&
946 733 1063 810 satiram
1082 734 1207 818 pulchre
1220 738 1277 805 else
1288 735 1490 802 consertam:
1537 696 1538 759 Ξ

336 851 398 918 qua
424 833 565 896 nimirum
584 829 671 894 seculi
698 826 742 892 sui
757 828 950 915 llatapsptua
964 821 1122 898 derideret,
1146 838 1209 888 tam
1234 825 1491 910 ineptaquidem
1537 828 1538 837 ’

337 933 368 998 &
391 931 527 1006 absurda,
550 945 585 994 ut
614 929 748 994 homines
763 923 853 1010 'ipsos
882 929 913 988 in
935 925 1065 988 numinis
1091 942 1275 992 contemtum
1288 927 1493 994 adducerent.
1537 996 1538 999 Ἴ

337 1027 408 1108 Qu
436 1021 551 1082 ratione
579 1033 679 1080 autem
708 1028 880 1080 contemtus
902 1011 1032 1078 oausam
1055 1012 1236 1090 declarasset,
1265 1015 1320 1078 uisi
1347 1018 1493 1078 Deorum
1537 1048 1538 1051 π

338 1102 698 1188 Dearumqueschemata,
722 1100 768 1164 uti
783 1118 857 1164 tuuc
877 1100 1061 1175 colebantur,
1085 1099 1287 1185 descripsisset.
1321 1105 1492 1166 Saturnum
1526 1178 1531 1191 Ι

337 1193 448 1260 scilicet
472 1189 649 1276 fugientem,
674 1186 831 1272 positoque
857 1187 1026 1251 diademate
1049 1184 1126 1250 falce
1156 1206 1320 1280 armatum,
1377 1194 1492 1270 jovem

339 1281 429 1346 Idaeia
454 1281 546 1342 antris
575 1275 820 1350 delitescentem
841 1274 909 1337 iude
930 1271 1017 1356 super
1037 1277 1131 1339 nubes
1152 1277 1285 1340 convivia
1309 1279 1492 1361 agitantem,

340 1369 485 1444 adultera,
508 1365 693 1430 &catamito
712 1362 817 1447 pocula
831 1359 1073 1425 ministrantibus.
1116 1365 1287 1428 Vulcanum
1314 1368 1355 1428 ab
1378 1365 1492 1428 incude

340 1451 547 1540 fuliginosum.
592 1451 742 1515 Atlantem
768 1450 841 1513 noeli
860 1450 1004 1512 destinam
1021 1445 1077 1512 sub
1105 1450 1359 1516 nimia'Dnotum
1402 1454 1492 1515 turba

342 1555 511 1626 gementem
532 1541 562 1602 u
590 1539 719 1622 pondere
743 1534 932 1621 oppressum.
983 1540 1057 1600 Haec
1074 1539 1154 1601 enim
1182 1535 1252 1602 sunt
1279 1539 1371 1602 anilia
1400 1559 1493 1622 prope

251 1634 254 1640 '
341 1630 544 1703 deliramenta,
567 1642 601 1688 ut
627 1623 752 1690 cuilibet
776 1621 852 1687 sanae
879 1623 986 1686 mentia
1013 1623 1177 1688 ludibrium
1204 1625 1348 1702 debeant,
1380 1627 1494 1688 nedum

342 1735 399 1800 pro
420 1715 527 1778 divinis
542 1715 714 1778 habeantur.
757 1711 851 1794 Quod
870 1725 970 1772 autem
980 1711 1035 1787 ait,
1059 1712 1183 1776 minore
1195 1711 1495 1797 quondamnumero

246 1845 251 1862 .
341 1823 377 1866 ae
401 1801 532 1886 pondere
559 1805 695 1866 Deorum
720 1797 847 1882 pressum
869 1793 955 1860 snilse
980 1797 1144 1870 Atlantem,
1168 1819 1231 1864 uon
1258 1803 1367 1867 debuit
1396 1801 1493 1862 videri

340 1887 479 1974 frigidius
502 1885 605 1952 sabula
628 1884 688 1970 ipsa
709 1905 770 1970 qua
791 1884 903 1948 eoelum
916 1881 1039 1948 Atlante
1062 1884 1161 1950 luleiri
1181 1907 1217 1952 ac
1241 1885 1377 1952 sustineri
1398 1902 1493 1970 poete

309 1967 314 1976 ’
340 1975 516 2040 tinxerunt:
539 1993 608 2036 nam
632 1973 690 2036 five
718 1987 851 2036 montem
865 1969 924 2034 five
938 1971 1191 2038 hominemsuisse
1204 1976 1361 2040 Atlantem
1385 1974 1495 2038 intelli·

344 2065 456 2147 gimue,
480 2063 588 2144 utique
602 2059 718 2141 lepidus
732 2061 789 2122 erit
799 2059 896 2138 jocus.
940 2061 986 2122 Ac
998 2058 1037 2124 de
1047 2077 1151 2124 tuonte
1170 2063 1295 2144 quidem
1319 2064 1388 2126 baec
1403 2061 1494 2125 babet

344 2149 540 2213 Herodotus:
566 2147 719 2210 Atlantem
730 2142 843 2208 Africae
856 2159 991 2208 montem
1012 2145 1043 2209 in
1056 2145 1208 2231 fastigium
1223 2151 1377 2234 assurgere
1401 2149 1494 2212 undi-

345 2255 466 2319 quaque
478 2232 649 2298 adstrisium
663 2234 693 2296 δι
708 2249 793 2306 teres,
818 2251 920 2295 rerum
934 2247 994 2296 tam
1014 2232 1135 2298 excelsae
1149 2236 1326 2314 altitudinis,
1352 2251 1391 2301 ut
1404 2257 1494 2300 cacu-

345 2343 427 2401 men,
438 2321 522 2405 quast
537 2322 667 2385 nubibus
678 2316 833 2394 insertum,
858 2317 1022 2404 conspicere
1033 2341 1093 2384 nou
1111 2321 1167 2399 lit;
1194 2339 1414 2407 proptereaque
1427 2322 1496 2387 coeli

346 2410 520 2474 columnam
542 2409 581 2472 ab
593 2406 741 2492 indigenis
766 2405 914 2490 appellari.
956 2403 1033 2489 Quo
1055 2403 1137 2471 sensu
1158 2409 1278 2476 venusle
1299 2411 1369 2476 sane
1386 2408 1498 2476 dixerit
1537 2468 1538 2493 ,

347 2498 496 2577 Juvenalie
511 2493 619 2573 noller,
640 2497 714 2558 olim
729 2512 797 2556 cum
811 2491 880 2556 esset
893 2492 983 2578 longe
1004 2491 1102 2558 miu‘or
1115 2497 1252 2562 coetitum
1266 2500 1368 2575 turba,
1386 2499 1494 2564 minori
1537 2502 1539 2597 l

347 2583 479 2666 pondere
494 2583 617 2666 pressam
639 2579 727 2646 fuisse
753 2579 825 2643 coeli
852 2579 1031 2646 columnam.
1076 2582 1129 2646 Sin
1145 2585 1301 2650 Atlantem
1315 2586 1408 2650 nobie
1427 2585 1494 2648 coeli
1536 2620 1537 2631 ,

347 2670 483 2748 bajulum
497 2683 550 2730 aut
567 2669 719 2734 tibicinem
733 2665 822 2730 suilse
836 2665 1031 2750 imaginemur
1051 2669 1127 2733 illud
1140 2671 1233 2736 etiam
1251 2672 1401 2756 aptiffime
1424 2693 1494 2756 qna·

347 2755 500 2818 dravetit:
524 2775 578 2818 nec
600 2757 657 2818 erit
671 2757 771 2818 minus
784 2749 878 2816 facete
902 2752 1029 2831 dietum,
1051 2775 1143 2842 quam
1151 2759 1184 2822 id
1195 2761 1281 2842 quod
1289 2763 1449 2841 Luciauus
1466 2761 1496 2822 in

349 2843 501 2906 Charonte
524 2858 633 2916 narrat,
665 2841 780 2904 Atlanti
801 2839 957 2921 quondam
984 2842 1080 2907 nimio
1101 2847 1235 2927 pondere
1262 2851 1384 2913 nutanti
1401 2863 1495 2929 ,atque

348 2925 505 2992 labascenti
530 2930 691 2992 Herculem
713 2925 861 3010 suppetias
879 2927 988 3003 tulisse,
1003 2949 1038 2992 ac
1056 2927 1182 3012 seipsum
1210 2938 1296 3014 oneri
1312 2932 1492 3020 supposuisse

349 3016 488 3096 tantisper
512 3013 658 3079 dumille
684 3010 850 3096 respiraret.
907 3015 1044 3098 Denique
1060 3016 1139 3082 nihil
1163 3021 1252 3084 uideo
1276 3043 1331 3086 cur
1365 3020 1491 3087 insolens

292 3117 294 3126 ’
343 3102 496 3185 judicetur
511 3101 826 3182 illaiamJuvenalia,
850 3104 1043 3166 metuendum
1066 3103 1126 3168 else
1150 3126 1188 3172 ue
1208 3108 1346 3173 densiore
1367 3109 1494 3174 deorum

352 3196 441 3258 turba
474 3213 613 3280 gravatus
638 3201 723 3264 Atlas
756 3196 892 3276 sariscat3
922 3224 995 3267 cum
1027 3204 1126 3269 eidem
1155 3210 1293 3275 Luciano
1323 3214 1442 3276 uenerit
1465 3211 1494 3274 in
1534 3216 1535 3275 l

349 3301 481 3346 mentem
496 3283 729 3368 isiaconfimilis,
755 3306 818 3368 prae
844 3292 998 3353 numinum
1011 3311 1134 3374 quoque
1158 3296 1494 3362 multitudineambto-
1534 3282 1536 3357 l

350 3365 420 3432 fiam
442 3369 472 3456 bt
496 3369 598 3434 nestar
623 3371 783 3447 defecisset
825 3376 889 3454 ejua
910 3379 989 3440 enim
1018 3383 1109 3444 verba
1136 3379 1214 3460 sunt,
1237 3385 1413 3452 {erastum
1429 3387 1457 3452 δὲ
1473 3384 1494 3453 ‘r

351 3467 499 3564 oilanoor‘a
525 3469 625 3539 κοῖιτδ
649 3471 756 3569 νέκΊαξ,
783 3469 843 3542 ὅΓε
873 3477 946 3560 μναῖς
972 3473 1020 3550 ἤδη
1052 3477 1101 3552 triu
1124 3481 1240 3555 κοΊύλην
1264 3483 1350 3567 strat,
1386 3481 1441 3551 ‹ltoi
1468 3481 1497 3547 ri
1533 3432 1535 3567 Ι

274 3579 276 3592 “
352 3563 458 3638 πλῆθος
480 3566 532 3634 ταῖν
557 3567 691 3643 mru‘uluv.
736 3585 849 3650 Omnia
862 3589 953 3672 igitur
969 3592 1099 3657 totoillo
1112 3592 1255 3659 versuum
1268 3596 1392 3660 ambitu
1411 3597 1496 3681 proba
1533 3574 1535 3609 ³

337 3658 383 3720 ·&
397 3662 486 3737 resia,
510 3666 619 3746 quibua
633 3669 709 3732 adeo
723 3689 883 3738 monentur
899 3673 1009 3756 posteri
1023 3694 1084 3742 tam
1098 3679 1189 3744 stulta
1211 3682 1243 3744 dt
1268 3703 1344 3746 rana
1368 3704 1446 3768 quae
1458 3686 1491 3747 de
1532 3734 1533 3761 ,

352 3760 461 3808 natura
473 3751 606 3844 Deorum
620 3771 717 3834 poetae
742 3760 1022 3844 comminiscuntur,
1046 3782 1083 3828 ut
1108 3769 1251 3851 pietatem
1271 3773 1335 3848 jam
1358 3783 1430 3836 tum
1458 3774 1490 3836 ab
1532 3784 1533 3837 ἰ

351 3833 562 3898 orbecondito
578 3839 734 3904 homiuum
749 3849 899 3911 mentibus
914 3849 1029 3914 insitam
1042 3851 1364 3920 fundituueradicent.
1398 3857 1486 3922 Hasce
1532 3850 1533 3855 ἵ

350 3917 557 4012 ergosabulaa
583 3939 617 3984 ut
645 3931 897 4004 perniciosissimas
911 3939 1064 4014 Juvenalis
1081 3960 1121 4004 ex
1145 3942 1249 4006 loditt
1275 3963 1375 4026 neque
1403 3947 1487 4009 ullam
1531 3994 1532 4015 i

352 4017 532 4068 occationem
558 4015 771 4090 pretermittit,
809 4023 884 4101 quin
909 4043 958 4084 eas
984 4039 1038 4086 aut
1060 3961 1230 4110 subsanet,
1253 4045 1308 4093 aut
1332 4030 1486 4117 conspuat.
1531 4032 1533 4113 l

353 4087 400 4148 Sic
419 4091 448 4150 in
463 4090 588 4196 decima,
610 4099 796 4166 moechorum
826 4105 933 4187 injesla
957 4113 1121 4193 mentione,
1144 4115 1244 4184 statim
1273 4122 1410 4208 apponit
1430 4141 1489 4189 ctu·

352 4171 449 4237 blema
459 4179 564 4242 Martis
579 4201 609 4244 tn
619 4183 735 4249 Venere
748 4189 933 4274 deprehensi.
957 4194 1004 4282 Vs
1022 4217 1100 4283 311.
1530 4210 1531 4223 ¹

516 4399 523 4413 ·
895 4333 1008 4400 —Fiet
1022 4339 1139 4403 adulter

437 4397 582 4481 Puhltcus,
603 4403 639 4466 ὃ*
650 4421 754 4490 poenas
761 4415 865 4481 metuit
874 4419 1051 4508 quascunque
1064 4424 1172 4491 mariti
