3250 5259
329 524 416 601 na
453 523 936 635 *eolnuentuun
985 525 1058 605 ae.

119 694 183 755 sane
194 691 279 751 haud
295 692 416 765 multum
430 689 540 747 aberrat
554 708 571 747 a
584 708 661 761 vero,
682 693 716 749 δι.
731 686 766 751 ad
787 690 936 769 publicum
959 688 1043 753 illum
1067 698 1094 753 aa
1113 692 1251 755 sorensem

122 776 203 833 usum
227 768 379 832 commode
404 769 544 827 sehabet.
597 770 697 845 Quum
724 788 792 845 ergo
810 767 883 829 libra
909 768 966 829 olei
991 772 1129 838 mensoria
1155 775 1251 832 decem

122 850 216 911 unciis
232 851 333 928 pondo
354 846 480 927 aequalia
496 846 546 917 stt,‘
570 850 640 909 baec
661 844 825 907 instituatur
837 850 1009 929 proportio:
1034 870 1194 937 ut19.quae
1215 851 1256 909 eli

126 931 253 1011 gravitas
265 927 396 1007 specifica
408 926 475 999 olei,
497 927 532 984 ad
560 947 607 987 ro.
627 948 701 1007 quae
715 926 752 985 eli
767 930 891 1006 gravitas
904 930 1032 1009 specifica
1049 933 1120 1002 vini,
1144 934 1184 991 ita
1206 949 1263 990 10.·

128 1030 263 1071 numerus
278 1005 428 1067 unciarum
446 1006 645 1083 pondolibrae
658 1002 897 1079 olei'mcnsoriae,
920 1010 1040 1093 ad11.3}
1061 1013 1179 1093 quierit
1200 1030 1253 1069 nu·

131 1108 220 1149 merus
233 1086 385 1164 unciarum
399 1086 494 1166 pondo
508 1084 568 1143 vini
580 1088 653 1163 libra
666 1086 804 1144 mensoria
813 1088 952 1149 contenti.
978 1104 982 1113 '
1123 1153 1125 1156 ,
1145 1088 1152 1093 ”

167 1168 216 1227 60.
240 1166 286 1225 Ut
302 1166 362 1244 jam
384 1162 419 1222 ad
444 1162 578 1223 connium
601 1162 792 1253 accingamur,
813 1166 919 1225 constat
937 1187 973 1225 ex
987 1166 1095 1227 Fannio
1117 1164 1253 1243 ¹congium
1261 1189 1414 1262 emim„

127 1264 263 1329 capacem
276 1242 356 1303 fuisse
367 1262 468 1303 novem
483 1242 618 1322 librarum
641 1240 842 1304 me'nsoriarum
856 1245 923 1305 olei.
963 1246 1076 1306 Etenim
1097 1250 1147 1309 ille
1157 1246 1257 1307 diserte
1265 1281 1318 1315 vem
1327 1262 1402 1313 libras

127 1326 215 1385 docet
228 1321 393 1394 sextarium,
413 1320 465 1401 qui
478 1320 555 1380 senta
566 1324 675 1401 parsuli
690 1322 796 1400 congii,
817 1324 916 1403 cepisse
936 1326 1038 1385 libram
1062 1330 1118 1387 olei
1133 1348 1199 1388 cum
1220 1326 1396 1403 semenstrias

129 1405 223 1466 mille.
264 1402 347 1461 Unde
361 1404 435 1462 clare
449 1417 528 1479 patet
543 1422 644 1483 novem
655 1474 657 1482 y
668 1400 754 1463 libras
767 1405 824 1482 olei
843 1404 948 1483 congio
962 1406 1114 1467 contineri.
1155 1407 1259 1467 Libras
1267 1404 1313 1458 olei
1326 1406 1395 1475 capi·

128 1491 232 1541 aurem'
244 1481 305 1539 illas
320 1478 471 1539 mensoriaa
483 1478 572 1555 suillo,
593 1502 649 1540 non
665 1482 750 1539 libras
762 1484 868 1561 pondo,
889 1503 923 1542 ex
934 1485 1160 1565 cointelligitur,
1175 1488 1256 1567 quod
1266 1474 1331 1536 ‘⁶⁴3-

122 1564 202 1621 idem
231 1558 379 1629 sextarius,
402 1558 453 1641 qui
468 1576 484 1614 a
498 1558 606 1618 Fannio
625 1560 729 1619 dicitur
747 1580 846 1640 capere
865 1564 967 1622 libram
981 1566 1035 1623 olei
1051 1586 1117 1628 cum
1141 1568 1255 1637 semisse,

126 1640 185 1699 sive
205 1639 305 1698 uncias
321 1646 366 1699 18.
393 1644 403 1680 ⁵
428 1656 464 1696 ex
477 1637 574 1697 eodem
585 1638 694 1697 Fannio
707 1638 868 1719 quindecim
885 1642 974 1701 unciis
991 1645 1089 1723 pondo
1114 1644 1257 1705 aestiman-

127 1720 183 1779 dus
196 1719 247 1777 est.
290 1717 370 1776 Haec
383 1717 460 1797 enim
474 1715 533 1790 ipsa
548 1718 619 1776 ratio
636 1721 673 1776 eli
699 1718 787 1778 librae
811 1722 962 1779 mansoriae
982 1726 1046 1781 oleo
1058 1726 1157 1801 plenae
1171 1724 1205 1783 ad
1219 1724 1256 1783 li·

128 1801 213 1858 bram
230 1792 335 1874 pondo.
377 1796 447 1855 Illas
457 1795 543 1853 libras
558 1796 682 1855 diximus
696 1796 731 1853 ad
745 1796 799 1858 sese
812 1800 933 1859 invicem
948 1800 987 1859 ita
1002 1799 1027 1865 se
1039 1802 1152 1875 habere,
1165 1820 1195 1861 ut
1209 1822 1255 1868 ta.

130 1879 168 1937 ad
184 1898 231 1937 ιο.
270 1876 380 1935 Eodem
394 1892 487 1932 autem
502 1876 622 1935 modose
637 1872 741 1933 habent
760 1878 803 1936 18.
822 1878 856 1935 ad
875 1897 884 1937 1
894 1900 918 1955 ς.
932 1896 992 1959 quo
1010 1880 1100 1941 amad
1117 1900 1161 1941 10.
1177 1880 1255 1955 Ergo
1272 1919 1279 1943 t

127 1963 158 2015 δι
174 1956 224 2015 ubi
245 1954 352 2013 dicitur
364 1953 500 2013 sextarius
514 1954 566 2013 effe
584 1954 748 2039 quindecim
763 1956 910 2017 unciarum
927 1958 1031 2040 pondo,
1051 1958 1255 2038 intelligendut

129 2036 168 2094 est
182 2040 249 2093 oleo
263 2038 386 2113 plenua;
409 2038 434 2091 δι
459 2030 559 2091 unciae
580 2036 675 2095 decem
695 2036 721 2091 δι
744 2036 808 2094 osio
831 2030 898 2104 olei,
919 2056 992 2117 quae
1018 2036 1139 2098 sextario
1165 2038 1259 2099 conti.

129 2133 247 2185 nentur,
271 2114 337 2173 sunt
363 2110 462 2171 unciae
487 2112 650 2185 mensoriae,
676 2130 735 2169 non
761 2113 860 2173 unciae
884 2115 991 2193 pondo.
1030 2116 1107 2193 Ergo
1126 2118 1258 2195 congius,
1301 2108 1308 2135 ⁸

130 2193 183 2275 qui
209 2194 258 2251 sex
272 2192 350 2271 capit
362 2189 508 2263 sextarios,
532 2212 634 2255 novem
649 2194 734 2253 libras
757 2194 909 2253 mensoriat
933 2194 991 2255 olei
1003 2214 1102 2277 capere
1122 2196 1258 2261 dicendae

129 2274 179 2337 esi.
693 2288 695 2295 ·
1038 2279 1042 2288 ’
1177 2320 1181 2329 .

138 2357 141 2361 ’
170 2352 324 2411 Praeterea
336 2348 410 2411 idem
422 2352 721 2413 Fanniuscommrans
735 2350 809 2409 inter
827 2350 968 2411 setinum
986 2359 1013 2411 δι
1026 2355 1121 2412 oleum
1136 2354 1257 2414 sextario

136 2447 282 2500 contenta,
303 2448 368 2505 eum
383 2430 453 2503 dicit
464 2450 594 2509 capacem
607 2431 686 2491 fuisse
699 2432 755 2491 olei
768 2432 883 2510 quidem
897 2430 1044 2489 unciarum
1063 2434 1107 2491 18.
1123 2432 1182 2491 vini
1191 2450 1262 2492 vero
1349 2422 1355 2445 ¹

134 2532 180 2571 ιο.
228 2520 267 2567 At
281 2508 382 2587 viginti
408 2510 471 2569 illae
496 2512 556 2570 vini
573 2510 670 2568 unciae
686 2532 743 2569 non
759 2512 870 2591 possunt
885 2510 937 2567 elle
963 2510 1062 2568 unciae
1081 2511 1187 2589 pondo.
1227 2509 1260 2572 Si

134 2589 254 2669 quidem
268 2589 413 2646 exeodem
434 2590 542 2648 Fannio
561 2589 697 2648 sextarius
715 2606 816 2680 aequat
829 2589 951 2667 pondere
967 2589 1061 2649 uncias
1083 2588 1259 2671 quindecim.

135 2670 204 2727 Sive
217 2682 312 2725 autem
328 2669 390 2731 alea
403 2670 514 2747 plenus,
537 2668 591 2726 five
615 2667 692 2731 vino.
715 2667 821 2725 dicitnr
844 2687 896 2744 par
918 2668 969 2727 esse
1004 2667 1146 2732 uindeeim
1165 2671 1258 2730 unciis

134 2746 246 2840 pondo,
266 2765 412 2836 nunquam
427 2748 492 2805 dare
504 2746 606 2825 poterit
621 2745 723 2825 viginti
739 2745 835 2803 uncias
847 2744 906 2808 vini
919 2766 957 2825 po
997 2768 1026 2806 ο.
1067 2746 1146 2827 Ergo
1159 2750 1259 2813 unciae

135 2828 200 2885 allae
217 2823 410 2901 vinitigrnti.
454 2846 499 2883 uas
514 2826 601 2905 capit,
623 2846 678 2883 non
694 2824 759 2887 sunt
774 2824 872 2883 unciae
885 2825 990 2902 pondo.
1032 2824 1112 2905 Ergo
1134 2826 1258 2888 nec18.

135 2905 189 2965 olei
206 2904 320 2972 unciae,
341 2922 412 2981 quaa
427 2847 499 2963 iiam
513 2902 651 2965 sextarius
661 2903 798 2963 continet.
840 2903 969 2983 Superest
989 2903 1088 2983 igitur,
1108 2922 1142 2965 ut
1160 2906 1259 2966 unciae

135 2982 201 3043 illae
214 2980 275 3041 olei
296 2988 338 3039 18.
356 2982 521 3041 fint'unciae
534 2983 698 3045 mensorine.

176 3062 259 3120 Hinc
273 3060 424 3119 necessario
437 3062 584 3139 colligitur
597 3062 731 3140 congium
754 3080 886 3137 capacem
911 3058 992 3121 fuisse
1013 3082 1115 3123 novem
1135 3078 1260 3124 tantuma

138 3141 223 3209 modo
238 3139 380 3199 librarum
395 3142 596 3199 mensoriarum
615 3141 681 3211 olei,
700 3162 773 3223 quae
793 3141 919 3199 efficiunt
933 3142 1037 3221 septem
1052 3143 1139 3203 libras
1164 3147 1197 3202 δι’
1210 3143 1260 3207 sert

139 3219 236 3277 uncias
251 3216 360 3297 pondo,
401 3221 502 3296 Qum
525 3240 593 3299 ergo
618 3219 739 3298 gravitas
765 3220 894 3298 specifica
913 3220 969 3279 olei
992 3220 1025 3279 fit
1039 3220 1073 3279 ad
1091 3221 1258 3298 gravitatem
1267 3219 1327 3273 ΓΜ
1339 3222 1391 3273 030

138 3295 384 3375 specificamvini,
406 3315 437 3359 nt
464 3318 493 3376 9.
519 3298 554 3360 ad
568 3318 613 3361 ιο.
636 3299 762 3380 sequitur
785 3300 895 3379 pondua
919 3297 980 3357 vini
1003 3298 1108 3377 congio
1130 3288 1423 3361 centenarium*

139 3377 221 3437 fuisse
234 3377 300 3434 ocio
310 3375 445 3435 librarum
456 3382 481 3435 δι
493 3394 616 3459 quatuor
630 3378 788 3449 unciarum,
799 3380 855 3437 five
864 3393 978 3439 centum
991 3378 1139 3457 unciarum
1153 3380 1258 3459 pondo,
1266 3358 1294 3413 U
1305 3372 1412 3447 susm

140 3476 198 3514 non
211 3454 485 3532 centum&viginti,
507 3474 538 3516 ut
550 3474 630 3517 antea
643 3457 782 3519 creditum
796 3458 898 3517 suerat.
1261 3448 1336 3486 Μ
1349 3467 1357 3486 ·

1335 3450 1347 3484 3

182 3538 320 3611 Qunam
332 3534 417 3593 modo
430 3534 518 3613 igitur
530 3537 647 3615 congius
660 3536 715 3595 dici
729 3536 816 3613 potest
829 3538 994 3615 dcccmpmda
1006 3534 1058 3594 esse
1071 3537 1083 3595 ?
1099 3532 1216 3597 Necesse
1223 3498 1423 3628 estffinpiffi

143 3611 230 3683 enim,
253 3631 286 3673 ur
302 3611 370 3673 huic
384 3614 511 3675 sormael
553 3615 648 3684 uendi,
670 3635 758 3695 quam
778 3614 937 3675 indubitata
958 3614 1136 3696 antiquitatia
1157 3594 1394 3709 monn-&pp
1438 3645 1440 3652 ·

145 3710 240 3753 menta
253 3692 401 3763 testantur,
421 3694 469 3751 sua
479 3637 584 3759 coiriet
598 3693 711 3754 veritae.
1252 3711 1408 3768 ‘vinium

169 3772 282 3841 'Primo
291 3770 501 3831 observabimus
516 3794 566 3832 nec
580 3774 730 3833 mensoriat
746 3772 840 3832 decem
862 3770 959 3840 librat,
985 3792 1037 3831 nec
1050 3772 1156 3847 ¹decem
1169 3769 1351 3853 ¹libraapuuio.

140 3851 241 3929 pondo
253 3851 316 3909 vini
327 3866 470 3913 contentas
480 3852 584 3930 congio
593 3852 682 3910 fuine.
705 3852 772 3911 Non
784 3851 935 3914 mensorias
948 3851 1043 3911 decem
1056 3852 1154 3915 libras.
1184 3852 1264 3915 Nam

139 3924 232 3989 libras
243 3928 300 3993 olei
312 3930 463 4001 mensorias
487 3952 589 4001 norem
602 3930 730 4008 capiebat
744 3932 874 4008 congius,
897 3947 927 3988 ut
944 3929 1079 3990 vidimus.
1123 3931 1266 4015 Liquores
1306 3947 1311 3955 ’

145 4023 245 4065 autem
259 4009 362 4067 mutati
377 4024 559 4083 nonmutant
572 4010 642 4068 vasis
654 4012 848 4087 capacitatem,
888 4008 962 4069 Non
982 4007 1078 4073 decem
1092 4008 1179 4070 librae
1204 4009 1268 4071 vini

143 4086 257 4179 pondo,
297 4086 413 4147 Etenim
429 4088 533 4179 septem
558 4089 616 4149 olei
631 4088 732 4185 ⁴,libras
759 4088 856 4181 pondo
876 4108 953 4171 cum
966 4088 1070 4149 semisse
1091 4088 1267 4157 continebat.

187 4262 213 4312 5.
230 4244 272 4306 Ex
285 4243 385 4297 Fannio
408 4247 516 4316 cyathus
546 4246 581 4300 est
601 4246 690 4307 decem
725 4244 860 4300 drachmas
873 4244 1268 4319 certumsttigiotifivequia·

83 4334 84 4341 ¹
146 4312 331 4383 drachmarum
352 4317 448 4383 pondo.
480 4318 582 4386 Kotyle
605 4314 705 4371 autem
725 4312 916 4369 decimancula.
953 4313 1022 4369 Οᾶο
1039 4316 1269 4383 eaimdraehmaa.

144 4385 273 4503 capitlex
291 4386 418 4456 cyathos:
438 4384 562 4441 sextarius
573 4389 635 4444 duas
647 4402 691 4441 co,
726 4401 756 4436 ut
768 4383 823 4450 jam
842 4384 1044 4454 observationis,
1062 4386 1270 4445 anciamoonlli·

151 4468 184 4521 ty
199 4471 231 4506 aa.
255 4456 328 4524 Ergo
338 4454 463 4511 sextatiua
475 4457 544 4525 capit
555 4456 691 4509 duodecim
726 4468 817 4518 ruunt.
1039 4475 1041 4478 ·

146 4523 269 4605 pyptltoap
287 4543 316 4595 ap
338 4526 448 4597 proinde
471 4540 563 4599 aequat
580 4526 693 4599 pondere
1189 4598 1218 4669 Ξ
1256 4576 1260 4581 ,
